@inproceedings{montufar2014number,
	title={On the number of linear regions of deep neural networks},
	author={Montufar, Guido F and Pascanu, Razvan and Cho, Kyunghyun and Bengio, Yoshua},
	booktitle={Advances in Neural Information Processing Systems},
	pages={2924--2932},
	year={2014}
}

@inproceedings{arora2018understanding,
	title={Understanding Deep Neural Networks with Rectified Linear Units},
	author={Arora, Raman and Basu, Amitabh and Mianjy, Poorya and Mukherjee, Anirbit},
	booktitle={International Conference on Learning Representations},
	year={2018}
}

@article{kahlert1992complete,
	title={The complete canonical piecewise-linear representation. I. The geometry of the domain space},
	author={Kahlert, Claus and Chua, Leon O},
	journal={IEEE Transactions on Circuits and Systems I: Fundamental Theory and Applications},
	volume={39},
	number={3},
	pages={222--236},
	year={1992},
	publisher={IEEE}
}

@article{lin1994generalization,
	title={A generalization of canonical piecewise-linear functions},
	author={Lin, Ji-Nan and Xu, Hong-Qing and Unbehauen, Rolf},
	journal={IEEE Transactions on Circuits and Systems I: Fundamental Theory and Applications},
	volume={41},
	number={4},
	pages={345--347},
	year={1994},
	publisher={IEEE}
}

@article{lin1995canonical,
	title={Canonical piecewise-linear networks},
	author={Lin, Ji-Nan and Unbehauen, Rolf},
	journal={IEEE Transactions on Neural Networks},
	volume={6},
	number={1},
	pages={43--50},
	year={1995},
	publisher={IEEE}
}

@article{tarela1999region,
	title={Region configurations for realizability of lattice piecewise-linear models},
	author={Tarela, JM and Martinez, MV},
	journal={Mathematical and Computer Modelling},
	volume={30},
	number={11-12},
	pages={17--27},
	year={1999},
	publisher={Elsevier}
}

@article{wang2005generalization,
	title={Generalization of hinging hyperplanes},
	author={Wang, Shuning and Sun, Xusheng},
	journal={IEEE Transactions on Information Theory},
	volume={51},
	number={12},
	pages={4425--4431},
	year={2005},
	publisher={IEEE}
}

@article{wen2005compact,
	title={A compact ff model of high-dimensional piecewise-linear function over a degenerate intersection},
	author={Wen, Chengtao and Wang, Shuning and Li, Feng and Khan, MJ},
	journal={IEEE Transactions on Circuits and Systems I: Regular Papers},
	volume={52},
	number={4},
	pages={815--821},
	year={2005},
	publisher={IEEE}
}


@article{wang2008configuration,
	title={Configuration of continuous piecewise-linear neural networks},
	author={Wang, Shuning and Huang, Xiaolin and Junaid, Khan M},
	journal={IEEE Transactions on Neural Networks},
	volume={19},
	number={8},
	pages={1431--1445},
	year={2008},
	publisher={IEEE}
}


@article{yin2018binaryrelax,
	title={BinaryRelax: A Relaxation Approach For Training Deep Neural Networks With Quantized Weights},
	author={Yin, Penghang and Zhang, Shuai and Lyu, Jiancheng and Osher, Stanley and Qi, Yingyong and Xin, Jack},
	journal={arXiv preprint arXiv:1801.06313},
	year={2018}
}

@inproceedings{courbariaux2015binaryconnect,
	title={Binaryconnect: Training deep neural networks with binary weights during propagations},
	author={Courbariaux, Matthieu and Bengio, Yoshua and David, Jean-Pierre},
	booktitle={Advances in neural information processing systems},
	pages={3123--3131},
	year={2015}
}




@article{bengio2009learning,
	title={Learning deep architectures for AI },
	author={Bengio, Yoshua and others},
	journal={Foundations and trends{\textregistered} in Machine Learning},
	volume={2},
	number={1},
	pages={1--127},
	year={2009},
	publisher={Now Publishers, Inc.}
}

@article{li2016ternary,
	title={Ternary weight networks},
	author={Li, Fengfu and Zhang, Bo and Liu, Bin},
	journal={arXiv preprint arXiv:1605.04711},
	year={2016}
}

@article{lecun1998gradient,
	title={Gradient-based learning applied to document recognition},
	author={LeCun, Yann and Bottou, L{\'e}on and Bengio, Yoshua and Haffner, Patrick},
	journal={Proceedings of the IEEE},
	volume={86},
	number={11},
	pages={2278--2324},
	year={1998},
	publisher={IEEE}
}

@article{krizhevsky2009learning,
	title={Learning multiple layers of features from tiny images},
	author={Krizhevsky, Alex and Hinton, Geoffrey},
	year={2009},
	publisher={Citeseer}
}

@inproceedings{dai2016r,
	title={R-fcn: Object detection via region-based fully convolutional networks},
	author={Dai, Jifeng and Li, Yi and He, Kaiming and Sun, Jian},
	booktitle={Advances in Neural Information Processing Systems},
	pages={379--387},
	year={2016}
}

@article{chua1988canonical,
	title={Canonical piecewise-linear representation},
	author={Chua, LO and Deng, A-C},
	journal={IEEE Transactions on Circuits and Systems},
	volume={35},
	number={1},
	pages={101--111},
	year={1988},
	publisher={IEEE}
}

@article{lecun2015deep,
	title={Deep learning},
	author={LeCun, Yann and Bengio, Yoshua and Hinton, Geoffrey},
	journal={Nature},
	volume={521},
	number={7553},
	pages={436},
	year={2015},
	publisher={Nature Publishing Group}
}


@inproceedings{he2016deep,
	title={Deep residual learning for image recognition},
	author={He, Kaiming and Zhang, Xiangyu and Ren, Shaoqing and Sun, Jian},
	booktitle={Proceedings of the IEEE Conference on Computer Vision and Pattern Recognition},
	pages={770--778},
	year={2016}
}

@article{lagaris1998artificial,
	title={Artificial neural networks for solving ordinary and partial differential equations},
	author={Lagaris, Isaac E and Likas, Aristidis and Fotiadis, Dimitrios I},
	journal={IEEE Transactions on Neural Networks},
	volume={9},
	number={5},
	pages={987--1000},
	year={1998},
	publisher={IEEE}
}

@incollection{nochetto2011primer,
	title={Primer of adaptive finite element methods},
	author={Nochetto, Ricardo H and Veeser, Andreas},
	booktitle={Multiscale and adaptivity: modeling, numerics and applications},
	pages={125--225},
	year={2011},
	publisher={Springer}
}

@article{devore1998nonlinear,
	title={Nonlinear approximation},
	author={DeVore, Ronald A},
	journal={Acta numerica},
	volume={7},
	pages={51--150},
	year={1998},
	publisher={Cambridge University Press}
}

@misc{xu2017deep,
	title={Deep Neural Networks and Multigrid Methods ({L}ecture {N}otes at
	{P}enn {S}tate)},
	author={Xu, Jinchao},
	year={2017},
	month={November}
}



@article{li2001moving,
	title={Moving mesh methods in multiple dimensions based on harmonic maps},
	author={Li, Ruo and Tang, Tao and Zhang, Pingwen},
	journal={Journal of Computational Physics},
	volume={170},
	number={2},
	pages={562--588},
	year={2001},
	publisher={Elsevier}
}

@article{li2002moving,
	title={A moving mesh finite element algorithm for singular problems in two and three space dimensions},
	author={Li, Ruo and Tang, Tao and Zhang, Pingwen},
	journal={Journal of Computational Physics},
	volume={177},
	number={2},
	pages={365--393},
	year={2002},
	publisher={Elsevier}
}

@article{yagawa1996free,
	title={Free mesh method: a new meshless finite element method},
	author={Yagawa, G and Yamada, T},
	journal={Computational Mechanics},
	volume={18},
	number={5},
	pages={383--386},
	year={1996},
	publisher={Springer}
}

@article{idelsohn2003meshless,
	title={The meshless finite element method},
	author={Idelsohn, Sergio R and Onate, Eugenio and Calvo, Nestor and Del Pin, Facundo},
	journal={International Journal for Numerical Methods in Engineering},
	volume={58},
	number={6},
	pages={893--912},
	year={2003},
	publisher={Wiley Online Library}
}

@book{liu2002mesh,
	title={Mesh free methods: moving beyond the finite element method},
	author={Liu, Gui-Rong},
	year={2002},
	publisher={CRC press}
}

@inproceedings{gobovic1994analog,
	title={Analog cellular neural network with application to partial differential equations with variable mesh-size},
	author={Gobovic, Desa and Zaghloul, Mona E},
	booktitle={Circuits and Systems, 1994. ISCAS'94., 1994 IEEE International Symposium on},
	volume={6},
	pages={359--362},
	year={1994},
	organization={IEEE}
}

@article{meade1994numerical,
	title={The numerical solution of linear ordinary differential equations by feedforward neural networks},
	author={Meade Jr, Andrew J and Fernandez, Alvaro A},
	journal={Mathematical and Computer Modelling},
	volume={19},
	number={12},
	pages={1--25},
	year={1994},
	publisher={Elsevier}
}

@article{meade1994solution,
	title={Solution of nonlinear ordinary differential equations by feedforward neural networks},
	author={Meade Jr, Andrew J and Fernandez, Alvaro A},
	journal={Mathematical and Computer Modelling},
	volume={20},
	number={9},
	pages={19--44},
	year={1994},
	publisher={Elsevier}
}

@article{han2017overcoming,
	title={Overcoming the curse of dimensionality: Solving high-dimensional partial differential equations using deep learning},
	author={Han, Jiequn and Jentzen, Arnulf and others},
	journal={arXiv preprint arXiv:1707.02568},
	year={2017}
}

@article{khoo2017solving,
	title={Solving parametric PDE problems with artificial neural networks},
	author={Khoo, Yuehaw and Lu, Jianfeng and Ying, Lexing},
	journal={arXiv preprint arXiv:1707.03351},
	year={2017}
}

@article{weinan2017deep,
	title={Deep learning-based numerical methods for high-dimensional parabolic partial differential equations and backward stochastic differential equations},
	author={E, Weinan and Han, Jiequn and Jentzen, Arnulf},
	journal={Communications in Mathematics and Statistics},
	volume={5},
	number={4},
	pages={349--380},
	year={2017},
	publisher={Springer}
}

@article{kurkova2002comparison,
	title={Comparison of worst case errors in linear and neural network approximation},
	author={Kurkov{\'a}, Vera and Sanguineti, Marcello},
	journal={IEEE Transactions on Information Theory},
	volume={48},
	number={1},
	pages={264--275},
	year={2002},
	publisher={IEEE}
}

@article{mhaskar2004tractability,
	title={On the tractability of multivariate integration and approximation by neural networks},
	author={Mhaskar, Hrushikesh Narhar},
	journal={Journal of Complexity},
	volume={20},
	number={4},
	pages={561--590},
	year={2004},
	publisher={Elsevier}
}

@book{brenner2007mathematical,
	title={The mathematical theory of finite element methods},
	author={Brenner, Susanne and Scott, Ridgway},
	volume={15},
	year={2007},
	publisher={Springer Science \& Business Media}
}

@article{ciarlet2002finite,
	title={The finite element method for elliptic problems},
	author={Ciarlet, Philippe G},
	journal={Classics in applied mathematics},
	volume={40},
	pages={1--511},
	year={2002}
}

@inproceedings{cohen2016expressive,
	title={On the expressive power of deep learning: A tensor analysis},
	author={Cohen, Nadav and Sharir, Or and Shashua, Amnon},
	booktitle={Conference on Learning Theory},
	pages={698--728},
	year={2016}
}

@article{jones1992simple,
	title={A simple lemma on greedy approximation in Hilbert space and convergence rates for projection pursuit regression and neural network training},
	author={Jones, Lee K},
	journal={The Annals of Statistics},
	pages={608--613},
	year={1992},
	publisher={JSTOR}
}


@article{zhou2018universality,
	title={Universality of Deep Convolutional Neural Networks},
	author={Zhou, Ding-Xuan},
	journal={arXiv preprint arXiv:1805.10769},
	year={2018}
}

@article{shaham2016provable,
	title={Provable approximation properties for deep neural networks},
	author={Shaham, Uri and Cloninger, Alexander and Coifman, Ronald R},
	journal={Applied and Computational Harmonic Analysis},
	year={2016},
	publisher={Elsevier}
}

@article{barron1993universal,
	title={Universal approximation bounds for superpositions of a sigmoidal function},
	author={Barron, Andrew R},
	journal={IEEE Transactions on Information Theory},
	volume={39},
	number={3},
	pages={930--945},
	year={1993},
	publisher={IEEE}
}


@article{pinkus1999approximation,
	title={Approximation theory of the MLP model in neural networks},
	author={Pinkus, Allan},
	journal={Acta Numerica},
	volume={8},
	pages={143--195},
	year={1999},
	publisher={Cambridge University Press}
}

@article{ellacott1994aspects,
	title={Aspects of the numerical analysis of neural networks},
	author={Ellacott, SW},
	journal={Acta Numerica},
	volume={3},
	pages={145--202},
	year={1994},
	publisher={Cambridge University Press}
}

@article{hornik1989multilayer,
	title={Multilayer feedforward networks are universal approximators},
	author={Hornik, Kurt and Stinchcombe, Maxwell and White, Halbert},
	journal={Neural Networks},
	volume={2},
	number={5},
	pages={359--366},
	year={1989},
	publisher={Elsevier}
}


@article{shaham2016provable,
	title={Provable approximation properties for deep neural networks},
	author={Shaham, Uri and Cloninger, Alexander and Coifman, Ronald R},
	journal={Applied and Computational Harmonic Analysis},
	year={2016},
	publisher={Elsevier}
}

@article{leshno1993multilayer,
	title={Multilayer feedforward networks with a nonpolynomial activation function can approximate any function},
	author={Leshno, Moshe and Lin, Vladimir Ya and Pinkus, Allan and Schocken, Shimon},
	journal={Neural Networks},
	volume={6},
	number={6},
	pages={861--867},
	year={1993},
	publisher={Elsevier}
}

@article{hornik1994degree,
	title={Degree of approximation results for feedforward networks approximating unknown mappings and their derivatives},
	author={Hornik, Kurt and Stinchcombe, Maxwell and White, Halbert and Auer, Peter},
	journal={Neural Computation},
	volume={6},
	number={6},
	pages={1262--1275},
	year={1994},
	publisher={MIT Press}
}

@article{raissi2017physics1,
	title={Physics Informed Deep Learning (Part I): Data-driven solutions of nonlinear partial differential equations},
	author={Raissi, Maziar and Perdikaris, Paris and Karniadakis, George Em},
	journal={arXiv preprint arXiv:1711.10561},
	year={2017}
}

@article{raissi2017physics2,
	title={Physics informed deep learning (Part II): data-driven discovery of nonlinear partial differential equations},
	author={Raissi, Maziar and Perdikaris, Paris and Karniadakis, George Em},
	journal={arXiv preprint arXiv:1711.10566},
	year={2017}
}

@article{e2018deep,
	title={The Deep Ritz method: A deep learning-based numerical algorithm for solving variational problems},
	author={E, Weinan and Yu, Bing},
	journal={Communications in Mathematics and Statistics},
	volume={6},
	number={1},
	pages={1--12},
	year={2018},
	publisher={Springer}
}


%%%%%%%%%%%%%%%%%%%%%%%%%%%%%%%%%%%%%%%%%%%%%%%%%%%
@article{yarotsky2017error,
	title={Error bounds for approximations with deep ReLU networks},
	author={Yarotsky, Dmitry},
	journal={Neural Networks},
	volume={94},
	pages={103--114},
	year={2017},
	publisher={Elsevier}
}

@article{e2018exponential,
	title={Exponential convergence of the deep neural network approximation for analytic functions},
	author={E, Weinan and Wang, Qingcan},
	journal={Science China Mathematics},
	volume={61},
	number={10},
	pages={1733--1740},
	year={2018},
	publisher={Science in China Press}
}

@article{liang2016why,
	author    = {Shiyu Liang and
	R. Srikant},
	title     = {Why Deep Neural Networks?},
	journal   = {CoRR},
	volume    = {abs/1610.04161},
	year      = {2016},
	url       = {http://arxiv.org/abs/1610.04161},
	archivePrefix = {arXiv},
	eprint    = {1610.04161},
	timestamp = {Wed, 07 Jun 2017 14:41:47 +0200},
}

@article{barron1993universal,
	title={Universal approximation bounds for superpositions of a sigmoidal function},
	author={Barron, Andrew R},
	journal={IEEE Transactions on Information theory},
	volume={39},
	number={3},
	pages={930--945},
	year={1993},
	publisher={IEEE}
}

@article{jones1992simple,
	title={A simple lemma on greedy approximation in Hilbert space and convergence rates for projection pursuit regression and neural network training},
	author={Jones, Lee K and others},
	journal={The Annals of Statistics},
	volume={20},
	number={1},
	pages={608--613},
	year={1992},
	publisher={Institute of Mathematical Statistics}
}

@inproceedings{lu2017expressive,
	title={The expressive power of neural networks: A view from the width},
	author={Lu, Zhou and Pu, Hongming and Wang, Feicheng and Hu, Zhiqiang and Wang, Liwei},
	booktitle={Advances in Neural Information Processing Systems},
	pages={6231--6239},
	year={2017}
}

@article{telgarsky2016benefits,
	title={Benefits of depth in neural networks},
	author={Telgarsky, Matus},
	journal={Journal of Machine Learning Research},
	volume={49},
	number={June},
	pages={1517--1539},
	year={2016},
	publisher={Microtome Publishing}
}

@book{shen2011spectral,
	title={Spectral methods: algorithms, analysis and applications},
	author={Shen, Jie and Tang, Tao and Wang, Li-Lian},
	volume={41},
	year={2011},
	publisher={Springer Science \& Business Media}
}

@book{canuto2006spectral,
	title={Spectral methods},
	author={Canuto, Claudio and Hussaini, M Youssuff and Quarteroni, Alfio and Zang, Thomas A},
	year={2006},
	publisher={Springer}
}

@book{boyd2001chebyshev,
	title={Chebyshev and Fourier spectral methods},
	author={Boyd, John P},
	year={2001},
	publisher={Courier Corporation}
}

@book{adams2003sobolev,
	title={Sobolev spaces},
	author={Adams, Robert A and Fournier, John JF},
	volume={140},
	year={2003},
	publisher={Elsevier}
}

@article{babuvska1994p,
	title={The p and h-p versions of the finite element method, basic principles and properties},
	author={Babu{\v{s}}ka, Ivo and Suri, Manil},
	journal={SIAM review},
	volume={36},
	number={4},
	pages={578--632},
	year={1994},
	publisher={SIAM}
}

@article{babuvska1987hp,
	title={The $ hp $ version of the finite element method with quasiuniform meshes},
	author={Babu{\v{s}}ka, Ivo and Suri, Manil},
	journal={ESAIM: Mathematical Modelling and Numerical Analysis},
	volume={21},
	number={2},
	pages={199--238},
	year={1987},
	publisher={EDP Sciences}
}

@article{bungartz2004sparse,
	title={Sparse grids},
	author={Bungartz, Hans-Joachim and Griebel, Michael},
	journal={Acta numerica},
	volume={13},
	pages={147--269},
	year={2004},
	publisher={Cambridge University Press}
}

@book{griebel2005sparse,
	title={Sparse grids and related approximation schemes for higher dimensional problems},
	author={Griebel, Michael},
	year={2005},
	publisher={Citeseer}
}


@article{bach2017breaking,
	title={Breaking the curse of dimensionality with convex neural networks},
	author={Bach, Francis},
	journal={The Journal of Machine Learning Research},
	volume={18},
	number={1},
	pages={629--681},
	year={2017},
	publisher={JMLR. org}
}

@inproceedings{he2016identity,
	title={Identity mappings in deep residual networks},
	author={He, Kaiming and Zhang, Xiangyu and Ren, Shaoqing and Sun, Jian},
	booktitle={European Conference on Computer Vision},
	pages={630--645},
	year={2016},
	organization={Springer}
}


@article{shen2019nonlinear,
	title={Nonlinear approximation via compositions},
	author={Shen, Zuowei and Yang, Haizhao and Zhang, Shijun},
	journal={arXiv preprint arXiv:1902.10170},
	year={2019}
}

@article{montanelli2019new,
	title={New error bounds for deep ReLU networks using sparse grids},
	author={Montanelli, Hadrien and Du, Qiang},
	journal={SIAM Journal on Mathematics of Data Science},
	volume={1},
	number={1},
	pages={78--92},
	year={2019},
	publisher={SIAM}
}

@article{he2020relu,
	author = {He  , Juncai  and Li  , Lin  and Xu , Jinchao  and Zheng  , Chunyue },
	title = {Relu Deep Neural Networks and Linear Finite Elements},
	journal = {Journal of Computational Mathematics},
	year = {2020},
	volume = {38},
	number = {3},
	pages = {502--527},
	issn = {1991-7139}
}

@article{e2019mean,
	title={A mean-field optimal control formulation of deep learning},
	author={E, Weinan and Han, Jiequn and Li, Qianxiao},
	journal={Research in the Mathematical Sciences},
	volume={6},
	number={1},
	pages={10},
	year={2019},
	publisher={Springer}
}


@book{briggs2000a,
	title={A multigrid tutorial: second edition},
	author={Briggs, William L. and Henson, Van Emden and Mccormick, Steve F.},
	publisher={Society for Industrial and Applied Mathematics},
	year={2000}
}

@article{e2017a,
	title={A Proposal on Machine Learning via Dynamical Systems},
	author={E, Weinan},
	journal={Communications in Mathematics and Statistics},
	volume={5},
	number={1},
	pages={1-11},
	year={2017}
}

@book{goodfellow2017deep,
	title={Deep learning},
	author={Goodfellow, Ian and Bengio, Yoshua and Courville, Aaron},
	year={2017},
	publisher={MIT Press}
}

@article{haber2017learning,
	title={Learning across scales-A multiscale method for Convolution Neural Networks},
	author={Haber, Eldad and Ruthotto, Lars and Holtham, Elliot},
	journal={arXiv preprint arXiv:1703.02009},
	year={2017}
}

@inproceedings{he2016deep,
	title={Deep residual learning for image recognition},
	author={He, Kaiming and Zhang, Xiangyu and Ren, Shaoqing and Sun, Jian},
	booktitle={Proceedings of the IEEE Conference on Computer Vision and Pattern Recognition},
	pages={770--778},
	year={2016}
}

@inproceedings{he2016identity,
	title={Identity mappings in deep residual networks},
	author={He, Kaiming and Zhang, Xiangyu and Ren, Shaoqing and Sun, Jian},
	booktitle={European Conference on Computer Vision},
	pages={630--645},
	year={2016},
	organization={Springer}
}

@article{ke2016multigrid,
	title={Multigrid Neural Architectures},
	author={Ke, Tsung-Wei and Maire, Michael and Stella, X Yu},
	journal={arXiv preprint arXiv:1611.07661},
	year={2016}
}

@article{li2017a,
	title={A Flow Model of Neural Networks},
	author={Li, Zhen and Shi, Zuoqiang},
	journal={arXiv preprint arXiv:1708.06257v2},
	year={2017}
}

@inproceedings{lu2018beyond,
	title = 	 {Beyond Finite Layer Neural Networks: Bridging Deep Architectures and Numerical Differential Equations},
	author = 	 {Lu, Yiping and Zhong, Aoxiao and Li, Quanzheng and Dong, Bin},
	booktitle = 	 {Proceedings of the 35th International Conference on Machine Learning},
	year = 	 {2018},
	volume = 	 {80},
	publisher = 	 {PMLR},
}

@inproceedings{zhang2017polynet,
	title={Polynet: A pursuit of structural diversity in very deep networks},
	author={Zhang, Xingcheng and Li, Zhizhong and Loy, Chen Change and Lin, Dahua},
	booktitle={Computer Vision and Pattern Recognition (CVPR), 2017 IEEE Conference on},
	pages={3900--3908},
	year={2017},
	organization={IEEE}
}

@article{larsson2016fractalnet,
	title={Fractalnet: Ultra-deep neural networks without residuals},
	author={Larsson, Gustav and Maire, Michael and Shakhnarovich, Gregory},
	journal={arXiv preprint arXiv:1605.07648},
	year={2016}
}

@inproceedings{gomez2017reversible,
	title={The reversible residual network: Backpropagation without storing activations},
	author={Gomez, Aidan N and Ren, Mengye and Urtasun, Raquel and Grosse, Roger B},
	booktitle={Advances in Neural Information Processing Systems},
	pages={2214--2224},
	year={2017}
}

@inproceedings{long2018pde1,
	title = 	 {{PDE}-Net: Learning {PDE}s from Data},
	author = 	 {Long, Zichao and Lu, Yiping and Ma, Xianzhong and Dong, Bin},
	booktitle = 	 {Proceedings of the 35th International Conference on Machine Learning},
	year = 	 {2018},
	volume = {80},
	publisher = {PMLR}
}

@article{long2018pde2,
	title={PDE-Net 2.0: Learning PDEs from Data with A Numeric-Symbolic Hybrid Deep Network},
	author={Long, Zichao and Lu, Yiping and Dong, Bin},
	journal={arXiv preprint arXiv:1812.04426},
	year={2018}
}

@INPROCEEDINGS{milletari2016v,
	author={F. Milletari and N. Navab and S. A. Ahmadi}, 
	booktitle={2016 Fourth International Conference on 3D Vision (3DV)}, 
	title={V-Net: Fully Convolutional Neural Networks for Volumetric Medical Image Segmentation}, 
	year={2016}, 
	volume={}, 
	number={}, 
	pages={565-571}, 
	doi={10.1109/3DV.2016.79}, 
	month={Oct},
}

@article{nash2000a,
	title={A multigrid approach to discretized optimization problems},
	author={Nash, Stephen G.},
	journal={Optimization Methods and Software},
	volume={14},
	number={1-2},
	pages={99--116},
	year={2000}
}

@inproceedings{ronneberger2015u,
	title={U-net: Convolutional networks for biomedical image segmentation},
	author={Ronneberger, Olaf and Fischer, Philipp and Brox, Thomas},
	booktitle={International Conference on Medical Image Computing and Computer-Assisted Intervention},
	pages={234--241},
	year={2015},
	organization={Springer}
}

@article{tai2002global,
	title={Global and uniform convergence of subspace correction methods
	for some convex optimization problems},
	author={Tai, Xue-Cheng and Xu, Jinchao},
	journal={Mathematics of Computation},
	volume={71},
	number={237},
	pages={105--124},
	year={2002}
}

@book{trottenberg2000multigrid,
	title={Multigrid},
	author={Trottenberg, Ulrich and Oosterlee, Cornelius W and Schuller, Anton},
	year={2000},
	publisher={Academic press}
}

@article{xu2017algebraic,
	title={Algebraic multigrid methods},
	author={Xu, Jinchao and Zikatanov, Ludmil},
	journal={Acta Numerica},
	volume={26},
	pages={591--721},
	year={2017},
	publisher={Cambridge University Press}
}

@inproceedings{mao2016image,
	author = {Mao, Xiao-Jiao and Shen, Chunhua and Yang, Yu-Bin},
	booktitle = {Advances in neural information processing systems},
	pages = {2802--2810},
	title = {Image Restoration Using Very Deep Convolutional Encoder-Decoder Networks with Symmetric Skip Connections},
	year = {2016}
}

@article{liu2017when,
	title = {When Image Denoising Meets High-Level Vision Tasks: A Deep Learning Approach},
	author = {Liu, Ding and Wen, Bihan and Liu, Xianming and Huang, Thomas S.},
	journal={arXiv preprint arXiv:1706.04284},
	year={2017}	
}

@inproceedings{huang2017densely,
	title={Densely connected convolutional networks.},
	author={Huang, Gao and Liu, Zhuang and Van Der Maaten, Laurens and Weinberger, Kilian Q},
	booktitle={CVPR},
	volume={1},
	pages={3},
	year={2017}
}

@article{chang2017multi,
	title={Multi-level residual networks from dynamical systems view},
	author={Chang, Bo and Meng, Lili and Haber, Eldad and Tung, Frederick and Begert, David},
	journal={arXiv preprint arXiv:1710.10348},
	year={2017}
}

@inproceedings{szegedy2015going,
	title={Going deeper with convolutions},
	author={Szegedy, Christian and Liu, Wei and Jia, Yangqing and Sermanet, Pierre and Reed, Scott and Anguelov, Dragomir and Erhan, Dumitru and Vanhoucke, Vincent and Rabinovich, Andrew},
	booktitle={Proceedings of the IEEE conference on computer vision and pattern recognition},
	pages={1--9},
	year={2015}
}

@inproceedings{xie2017aggregated,
s},
	author={Xie, Saining and Girshick, Ross and Doll{\'a}r, Piotr and Tu, Zhuowen and He, Kaiming},
	booktitle={Computer Vision and Pattern Recognition (CVPR), 2017 IEEE Conference on},
	pages={5987--5995},
	year={2017},
	organization={IEEE}
}


@inproceedings{huang2016deep,
	title={Deep networks with stochastic depth},
	author={Huang, Gao and Sun, Yu and Liu, Zhuang and Sedra, Daniel and Weinberger, Kilian Q},
	booktitle={European Conference on Computer Vision},
	pages={646--661},
	year={2016},
	organization={Springer}
}

@article{xu1992iterative,
	title={Iterative methods by space decomposition and subspace
	correction},
	author={Xu, Jinchao},
	journal={SIAM {R}eview},
	volume={34},
	number={4},
	pages={581--613},
	year={1992},
	publisher={SIAM}
}

@article{xu2002method,
	title={{The method of alternating projections and the method of
	subspace corrections in Hilbert space}},
	author={Xu, Jinchao and Zikatanov, Ludmil},
	journal={Journal of the American Mathematical Society},
	volume={15},
	number={3},
	pages={573--597},
	year={2002}
}

@inproceedings{zagoruyko2016wide,
	title={Wide Residual Networks},
	author={Zagoruyko, Sergey and Komodakis, Nikos},
	booktitle={British Machine Vision Conference},
	pages={87.1-87.12},
	year={2016}
}

@article{simonyan2014very,
	title={Very Deep Convolutional Networks for Large-Scale Image Recognition},
	author={Simonyan, Karen and Zisserman, Andrew},
	journal={Computer Science},
	year={2014}
}

@inproceedings{krizhevsky2012imagenet,
	title={ImageNet classification with deep convolutional neural networks},
	author={Krizhevsky, Alex and Sutskever, Ilya and Hinton, Geoffrey E.},
	booktitle={International Conference on Neural Information Processing Systems},
	pages={1097-1105},
	year={2012}
}

@inproceedings{szegedy2016rethinking,
	title={Rethinking the Inception Architecture for Computer Vision},
	author={Szegedy, Christian and Vanhoucke, Vincent and Ioffe, Sergey and Shlens, Jon and Wojna, Zbigniew},
	booktitle={Computer Vision and Pattern Recognition},
	pages={2818-2826},
	year={2016}
}


@article{lin2013network,
	title={Network in network},
	author={Lin, Min and Chen, Qiang and Yan, Shuicheng},
	journal={arXiv preprint arXiv:1312.4400},
	year={2013}
}

@article{lecun1998gradient,
	title={Gradient-based learning applied to document recognition},
	author={LeCun, Yann and Bottou, L{\'e}on and Bengio, Yoshua and Haffner, Patrick},
	journal={Proceedings of the IEEE},
	volume={86},
	number={11},
	pages={2278--2324},
	year={1998},
	publisher={IEEE}
}

@inproceedings{nair2010rectified,
	title={Rectified linear units improve restricted boltzmann machines},
	author={Nair, Vinod and Hinton, Geoffrey E},
	booktitle={Proceedings of the 27th International Conference on Machine Learning},
	pages={807--814},
	year={2010}
}

@article{katrutsa2017deep,
	title={Deep Multigrid: learning prolongation and restriction matrices},
	author={Katrutsa, Alexandr and Daulbaev, Talgat and Oseledets, Ivan},
	journal={arXiv preprint arXiv:1711.03825},
	year={2017}
}

@article{hsieh2018learning,
	title={Learning Neural PDE Solvers with Convergence Guarantees},
	author={Hsieh, Jun-Ting and Zhao, Shengjia and Eismann, Stephan and Mirabella, Lucia and Ermon, Stefano},
	journal={ICLR 2019},
	year={2018}
}

@techreport{krizhevsky2009learning,
	title={Learning multiple layers of features from tiny images},
	author={Krizhevsky, Alex and Hinton, Geoffrey},
	year={2009},
	institution={Citeseer}
}

@inproceedings{bottou2008tradeoffs,
	title={The tradeoffs of large scale learning},
	author={Bottou, L{\'e}on and Bousquet, Olivier},
	booktitle={Advances in neural information processing systems},
	pages={161--168},
	year={2008}
}

@article{lecun2015deep,
	title={Deep learning},
	author={LeCun, Yann and Bengio, Yoshua and Hinton, Geoffrey},
	journal={Nature},
	volume={521},
	number={7553},
	pages={436},
	year={2015},
	publisher={Nature Publishing Group}
}

@article{zhou2018universality,
	title={Universality of Deep Convolutional Neural Networks},
	author={Zhou, Ding-Xuan},
	journal={arXiv preprint arXiv:1805.10769},
	year={2018}
}

@article{hornik1989multilayer,
	title={Multilayer feedforward networks are universal approximators},
	author={Hornik, Kurt and Stinchcombe, Maxwell and White, Halbert},
	journal={Neural Networks},
	volume={2},
	number={5},
	pages={359--366},
	year={1989},
	publisher={Elsevier}
}

@article{cybenko1989approximation,
	title={Approximation by superpositions of a sigmoidal function},
	author={Cybenko, George},
	journal={Mathematics of Control, Signals and Systems},
	volume={2},
	number={4},
	pages={303--314},
	year={1989},
	publisher={Springer}
}

@article{barron1993universal,
	title={Universal approximation bounds for superpositions of a sigmoidal function},
	author={Barron, Andrew R},
	journal={IEEE Transactions on Information theory},
	volume={39},
	number={3},
	pages={930--945},
	year={1993},
	publisher={IEEE}
}

@article{ellacott1994aspects,
	title={Aspects of the numerical analysis of neural networks},
	author={Ellacott, SW},
	journal={Acta Numerica},
	volume={3},
	pages={145--202},
	year={1994},
	publisher={Cambridge University Press}
}

@article{pinkus1999approximation,
	title={Approximation theory of the MLP model in neural networks},
	author={Pinkus, Allan},
	journal={Acta numerica},
	volume={8},
	pages={143--195},
	year={1999},
	publisher={Cambridge University Press}
}

@article{shaham2018provable,
	title={Provable approximation properties for deep neural networks},
	author={Shaham, Uri and Cloninger, Alexander and Coifman, Ronald R},
	journal={Applied and Computational Harmonic Analysis},
	volume={44},
	number={3},
	pages={537--557},
	year={2018},
	publisher={Elsevier}
}

@article{montanelli2019deep,
	title={Deep ReLU networks overcome the curse of dimensionality for bandlimited functions},
	author={Montanelli, Hadrien and Yang, Haizhao and Du, Qiang},
	journal={arXiv preprint arXiv:1903.00735},
	year={2019}
}


@book{aubert2006mathematical,
	title={Mathematical problems in image processing: partial differential equations and the calculus of variations},
	author={Aubert, Gilles and Kornprobst, Pierre},
	volume={147},
	year={2006},
	publisher={Springer Science \& Business Media}
}

@book{chan2005image,
	title={Image processing and analysis: variational, PDE, wavelet, and stochastic methods},
	author={Chan, Tony F and Shen, Jianhong Jackie},
	volume={94},
	year={2005},
	publisher={Siam}
}

@article{bottou2018optimization,
	title={Optimization methods for large-scale machine learning},
	author={Bottou, L{\'e}on and Curtis, Frank E and Nocedal, Jorge},
	journal={SIAM Review},
	volume={60},
	number={2},
	pages={223--311},
	year={2018},
	publisher={SIAM}
}

@book{xu2019FEM,
	title={The Finite Element Methods},
	author={Jinchao Xu},
	note={\url{http://www.multigrid.org/wiki}},
	year={2019}
}


@inproceedings{he2015delving,
	title={Delving deep into rectifiers: Surpassing human-level performance on imagenet classification},
	author={He, Kaiming and Zhang, Xiangyu and Ren, Shaoqing and Sun, Jian},
	booktitle={Proceedings of the IEEE International Conference on Computer Vision},
	pages={1026--1034},
	year={2015}
}

@article{ioffe2015batch,
	title={Batch normalization: Accelerating deep network training by reducing internal covariate shift},
	author={Ioffe, Sergey and Szegedy, Christian},
	journal={arXiv preprint arXiv:1502.03167},
	year={2015}
}

@article{xu2019convergence,
	title={Convergence rates for single layer DNNs in Sobolev norms},
	author={Xu, Jinchao and Zheng, Chunyue},
	journal={In preparation},
	year={2019}
}

@inproceedings{chen2017dual,
	title={Dual path networks},
	author={Chen, Yunpeng and Li, Jianan and Xiao, Huaxin and Jin, Xiaojie and Yan, Shuicheng and Feng, Jiashi},
	booktitle={Advances in Neural Information Processing Systems},
	pages={4467--4475},
	year={2017}
}


@inproceedings{noh2015learning,
	title={Learning deconvolution network for semantic segmentation},
	author={Noh, Hyeonwoo and Hong, Seunghoon and Han, Bohyung},
	booktitle={Proceedings of the IEEE international conference on computer vision},
	pages={1520--1528},
	year={2015}
}

@inproceedings{zhang2017interleaved,
	title={Interleaved group convolutions},
	author={Zhang, Ting and Qi, Guo-Jun and Xiao, Bin and Wang, Jingdong},
	booktitle={Proceedings of the IEEE International Conference on Computer Vision},
	pages={4373--4382},
	year={2017}
}


@article{siegel2020approximation,
	title={Approximation rates for neural networks with general activation functions},
	author={Siegel, Jonathan W and Xu, Jinchao},
	journal={Neural Networks},
	volume={128},
	pages={313--321},
	year={2020},
	publisher={Elsevier}
}

@book{hackbusch2013multi,
	title={Multi-grid methods and applications},
	author={Hackbusch, Wolfgang},
	volume={4},
	year={2013},
	publisher={Springer Science \& Business Media}
}

@book{golub2012matrix,
	title={Matrix computations},
	author={Golub, Gene H and Van Loan, Charles F},
	volume={3},
	year={2012},
	publisher={JHU press}
}

@book{hackbusch1994iterative,
	title={Iterative solution of large sparse systems of equations},
	author={Hackbusch, Wolfgang},
	volume={95},
	year={1994},
	publisher={Springer}
}

@inproceedings{lin2017feature,
	title={Feature pyramid networks for object detection},
	author={Lin, Tsung-Yi and Doll{\'a}r, Piotr and Girshick, Ross and He, Kaiming and Hariharan, Bharath and Belongie, Serge},
	booktitle={Proceedings of the IEEE Conference on Computer Vision and Pattern Recognition},
	pages={2117--2125},
	year={2017}
}

@inproceedings{deng2009imagenet,
	title={Imagenet: A large-scale hierarchical image database},
	author={Deng, Jia and Dong, Wei and Socher, Richard and Li, Li-Jia and Li, Kai and Fei-Fei, Li},
	booktitle={2009 IEEE conference on computer vision and pattern recognition},
	pages={248--255},
	year={2009},
	organization={Ieee}
}


@article{chen2019machine,
	title={A machine learning method correlating pulse pressure wave data with pregnancy},
	author={Chen, Jianhong and Huang, Huang and Hao, Wenrui and Xu, Jinchao},
	journal={International journal for numerical methods in biomedical engineering},
	year={2019},
	publisher={Wiley Online Library}
}

@article{he2019constrained,
	title={Constrained Linear Data-feature Mapping for Image Classification},
	author={He, Juncai and Chen, Yuyan and Xu, Jinchao},
	journal={arXiv preprint arXiv:1911.10428},
	year={2019}
}

@article{he2019mgnet,
	title={MgNet: A unified framework of multigrid and convolutional neural network},
	author={He, Juncai and Xu, Jinchao},
	journal={Science China Mathematics},
	volume={62},
	number={7},
	pages={1331--1354},
	year={2019},
	publisher={Springer}
}

@article{han2018solving,
	title={Solving high-dimensional partial differential equations using deep learning},
	author={Han, Jiequn and Jentzen, Arnulf and Weinan, E},
	journal={Proceedings of the National Academy of Sciences},
	volume={115},
	number={34},
	pages={8505--8510},
	year={2018},
	publisher={National Acad Sciences}
}

@article{fan2019solving,
	title={Solving Inverse Wave Scattering with Deep Learning},
	author={Fan, Yuwei and Ying, Lexing},
	journal={arXiv preprint arXiv:1911.13202},
	year={2019}
}

@article{hsieh2019learning,
	title={Learning neural PDE solvers with convergence guarantees},
	author={Hsieh, Jun-Ting and Zhao, Shengjia and Eismann, Stephan and Mirabella, Lucia and Ermon, Stefano},
	journal={arXiv preprint arXiv:1906.01200},
	year={2019}
}

@article{yaacov2014multivariate,
	title={A multivariate version of the vandermonde determinant identity},
	author={Yaacov, Ita{\i} Ben},
	journal={arXiv preprint arXiv:1405.0993},
	volume={8},
	year={2014},
	publisher={Citeseer}
}

@article{li2019better,
	title={Better approximations of high dimensional smooth functions by deep neural networks with rectified power units},
	author={Li, Bo and Tang, Shanshan and Yu, Haijun},
	journal={arXiv preprint arXiv:1903.05858},
	year={2019}
}

@phdthesis{he2019finite,
	author       = {Juncai He}, 
	title        = {Finite Element Methods and Deep Neural Networks},
	school       = {Peking University},
	year         = 2019
}

@article{montanelli2020error,
	title={Error bounds for deep ReLU networks using the Kolmogorov--Arnold superposition theorem},
	author={Montanelli, Hadrien and Yang, Haizhao},
	journal={Neural Networks},
	year={2020},
	publisher={Elsevier}
}

@article{guhring2020error,
	title={Error bounds for approximations with deep ReLU neural networks in $W^{s,p}$ norms},
	author={G{\"u}hring, Ingo and Kutyniok, Gitta and Petersen, Philipp},
	journal={Analysis and Applications},
	volume={18},
	number={05},
	pages={803--859},
	year={2020},
	publisher={World Scientific}
}

@article{marcati2020exponential,
	title={Exponential ReLU Neural Network Approximation Rates for Point and Edge Singularities},
	author={Marcati, Carlo and Opschoor, Joost AA and Petersen, Philipp C and Schwab, Christoph},
	journal={arXiv preprint arXiv:2010.12217},
	year={2020}
}

@article{klusowski2018approximation,
	title={Approximation by Combinations of ReLU and Squared ReLU Ridge Functions With $\ell^{1}$ and $\ell^{0}$ Controls},
	author={Klusowski, Jason M and Barron, Andrew R},
	journal={IEEE Transactions on Information Theory},
	volume={64},
	number={12},
	pages={7649--7656},
	year={2018},
	publisher={IEEE}
}

@article{poggio2017and,
	title={Why and when can deep-but not shallow-networks avoid the curse of dimensionality: a review},
	author={Poggio, Tomaso and Mhaskar, Hrushikesh and Rosasco, Lorenzo and Miranda, Brando and Liao, Qianli},
	journal={International Journal of Automation and Computing},
	volume={14},
	number={5},
	pages={503--519},
	year={2017},
	publisher={Springer}
}

@article{opschoor2019exponential,
	title={Exponential ReLU DNN expression of holomorphic maps in high dimension},
	author={Opschoor, Joost AA and Schwab, Christoph and Zech, Jakob},
	journal={SAM Research Report},
	volume={2019},
	year={2019},
	publisher={ETH Zurich}
}

@article{opschoor2020deep,
	title={Deep ReLU networks and high-order finite element methods},
	author={Opschoor, Joost AA and Petersen, Philipp C and Schwab, Christoph},
	journal={Analysis and Applications},
	pages={1--56},
	year={2020},
	publisher={World Scientific}
}

@article{chernov2011exponential,
	title={Exponential convergence of $ hp $ quadrature for integral operators with Gevrey kernels},
	author={Chernov, Alexey and von Petersdorff, Tobias and Schwab, Christoph},
	journal={ESAIM: Mathematical Modelling and Numerical Analysis-Mod{\'e}lisation Math{\'e}matique et Analyse Num{\'e}rique},
	volume={45},
	number={3},
	pages={387--422},
	year={2011}
}

@book{schwab1998numerical,
	title={p- and hp- Finite Element Methods: Theory and Applications to Solid and Fluid Mechanics },
	author={Schwab, Christoph},
	year={1998},
	publisher={The Clarendon Press, Oxford University Press New York}
}

@article{gui1986theh,
	title={Theh, p andh-p versions of the finite element method in 1 dimension},
	author={Gui, Wen-zhuang and Babu{\v{s}}ka, Ivo},
	journal={Numerische Mathematik},
	volume={49},
	number={6},
	pages={613--657},
	year={1986},
	publisher={Springer}
}

@article{babuvska1994p,
	title={The p and h-p versions of the finite element method, basic principles and properties},
	author={Babu{\v{s}}ka, Ivo and Suri, Manil},
	journal={SIAM review},
	volume={36},
	number={4},
	pages={578--632},
	year={1994},
	publisher={SIAM}
}

@article{daubechies2019nonlinear,
	title={Nonlinear approximation and (deep) relu networks},
	author={Daubechies, Ingrid and DeVore, Ronald and Foucart, Simon and Hanin, Boris and Petrova, Guergana},
	journal={arXiv preprint arXiv:1905.02199},
	year={2019}
}

@article{tang2019chebnet,
	title={ChebNet: Efficient and Stable Constructions of Deep Neural Networks with Rectified Power Units using Chebyshev Approximations},
	author={Tang, Shanshan and Li, Bo and Yu, Haijun},
	journal={arXiv preprint arXiv:1911.05467},
	year={2019}
}

@article{xu2020finite,
	title={Finite Neuron Method and Convergence Analysis},
	author={Xu, Jinchao},
	journal={Communications in Computational Physics},
	volume={28},
	number={5},
	pages={1707--1745},
	year={2020}
}

@article{siegel2020high,
	title={High-Order Approximation Rates for Neural Networks with $ReLU^k$ Activation Functions},
	author={Siegel, Jonathan W and Xu, Jinchao},
	journal={arXiv preprint arXiv:2012.07205},
	year={2020}
}

@article{opschoor2019exponential,
	title={Exponential ReLU DNN expression of holomorphic maps in high dimension},
	author={Opschoor, Joost AA and Schwab, Christoph and Zech, Jakob},
	journal={SAM Research Report},
	volume={2019},
	year={2019},
	publisher={ETH Zurich}
}

@article{lu2020deep,
	title={Deep network approximation for smooth functions},
	author={Lu, Jianfeng and Shen, Zuowei and Yang, Haizhao and Zhang, Shijun},
	journal={arXiv preprint arXiv:2001.03040},
	year={2020}
}

@article{lu2021deepxde,
	title={DeepXDE: A deep learning library for solving differential equations},
	author={Lu, Lu and Meng, Xuhui and Mao, Zhiping and Karniadakis, George Em},
	journal={SIAM Review},
	volume={63},
	number={1},
	pages={208--228},
	year={2021},
	publisher={SIAM}
}

@article{lu2021learning,
	title={Learning nonlinear operators via DeepONet based on the universal approximation theorem of operators},
	author={Lu, Lu and Jin, Pengzhan and Pang, Guofei and Zhang, Zhongqiang and Karniadakis, George Em},
	journal={Nature Machine Intelligence},
	volume={3},
	number={3},
	pages={218--229},
	year={2021},
	publisher={Nature Publishing Group}
}

%%%%%%%%%%%%%%%%%%%%%%%%%%%%%%%%%%%%%%%%%
@article{hu2021construction,
  title={A Construction of $C^r$ Conforming Finite Element Spaces in Any Dimension},
  author={Hu, Jun and Lin, Ting and Wu, Qingyu},
  journal={arXiv preprint arXiv:2103.14924},
  year={2021}
}

@article{barron2008approximation,
  title={Approximation and learning by greedy algorithms},
  author={Barron, Andrew R and Cohen, Albert and Dahmen, Wolfgang and DeVore, Ronald A and others},
  journal={The annals of statistics},
  volume={36},
  number={1},
  pages={64--94},
  year={2008},
  publisher={Institute of Mathematical Statistics}
}


@article{temlyakov2008greedy,
  title={Greedy approximation},
  author={Temlyakov, Vladimir N},
  journal={Acta Numerica},
  volume={17},
  number={235},
  pages={409},
  year={2008},
  publisher={Cambridge, England; New York: Cambridge University Press, c1992-}
}

@article{devore1996some,
  title={Some remarks on greedy algorithms},
  author={DeVore, Ronald A and Temlyakov, Vladimir N},
  journal={Advances in computational Mathematics},
  volume={5},
  number={1},
  pages={173--187},
  year={1996},
  publisher={Springer}
}


@article{figueroa2012greedy,
  title={Greedy approximation of high-dimensional Ornstein--Uhlenbeck operators},
  author={Figueroa, Leonardo E and S{\"u}li, Endre},
  journal={Foundations of Computational Mathematics},
  volume={12},
  number={5},
  pages={573--623},
  year={2012},
  publisher={Springer}
}


@inproceedings{cances2013greedy,
  title={Greedy algorithms for high-dimensional non-symmetric linear problems},
  author={Cances, Eric and Ehrlacher, Virginie and Lelievre, Tony},
  booktitle={ESAIM: Proceedings},
  volume={41},
  pages={95--131},
  year={2013},
  organization={EDP Sciences}
}


@article{le2009results,
  title={Results and questions on a nonlinear approximation approach for solving high-dimensional partial differential equations},
  author={Le Bris, Claude and Lelievre, Tony and Maday, Yvon},
  journal={Constructive Approximation},
  volume={30},
  number={3},
  pages={621},
  year={2009},
  publisher={Springer}
}


@article{hao2021efficient,
  author  = {Hao, Wenrui and Jin, Xianlin and Siegel, Jonathan W and Xu, Jinchao}, 
  title   = {An efficient training algorithm for neural networks and applications in {PDE}s},
  journal={In preparation},
  year={2021}
}


@article{ghorbani2020neural,
  title={When do neural networks outperform kernel methods?},
  author={Ghorbani, Behrooz and Mei, Song and Misiakiewicz, Theodor and Montanari, Andrea},
  journal={arXiv preprint arXiv:2006.13409},
  year={2020}
}


@article{kakade2008complexity,
  title={On the complexity of linear prediction: Risk bounds, margin bounds, and regularization},
  author={Kakade, Sham M and Sridharan, Karthik and Tewari, Ambuj},
  year={2008}
}



@article{gao2016dropout,
  title={Dropout rademacher complexity of deep neural networks},
  author={Gao, Wei and Zhou, Zhi-Hua},
  journal={Science China Information Sciences},
  volume={59},
  number={7},
  pages={1--12},
  year={2016},
  publisher={Springer}
}


@article{liang2021reproducing,
  title={Reproducing Activation Function for Deep Learning},
  author={Liang, Senwei and Lyu, Liyao and Wang, Chunmei and Yang, Haizhao},
  journal={arXiv preprint arXiv:2101.04844},
  year={2021}
}


@article{duan2021convergence,
  title={Convergence Rate Analysis for Deep Ritz Method},
  author={Duan, Chenguang and Jiao, Yuling and Lai, Yanming and Lu, Xiliang and Yang, Zhijian},
  journal={arXiv preprint arXiv:2103.13330},
  year={2021}
}

@article{wang2020eigenvector,
  title={On the eigenvector bias of Fourier feature networks: From regression to solving multi-scale PDEs with physics-informed neural networks},
  author={Wang, Sifan and Wang, Hanwen and Perdikaris, Paris},
  journal={arXiv preprint arXiv:2012.10047},
  year={2020}
}

@article{wang2020and,
  title={When and why PINNs fail to train: A neural tangent kernel perspective},
  author={Wang, Sifan and Yu, Xinling and Perdikaris, Paris},
  journal={arXiv preprint arXiv:2007.14527},
  year={2020}
}

@article{luo2020phase,
  title={Phase diagram for two-layer relu neural networks at infinite-width limit},
  author={Luo, Tao and Xu, Zhi-Qin John and Ma, Zheng and Zhang, Yaoyu},
  journal={arXiv preprint arXiv:2007.07497},
  year={2020}
}

@article{bartlett2002rademacher,
  title={Rademacher and Gaussian complexities: Risk bounds and structural results},
  author={Bartlett, Peter L and Mendelson, Shahar},
  journal={Journal of Machine Learning Research},
  volume={3},
  number={Nov},
  pages={463--482},
  year={2002}
}


@article{weinan2018deep,
  title={The deep Ritz method: a deep learning-based numerical algorithm for solving variational problems},
  author={Weinan, E and Yu, Bing},
  journal={Communications in Mathematics and Statistics},
  volume={6},
  number={1},
  pages={1--12},
  year={2018},
  publisher={Springer}
}


@article{shin2020convergence,
  title={On the convergence of physics informed neural networks for linear second-order elliptic and parabolic type PDEs},
  author={Shin, Yeonjong and Darbon, Jerome and Karniadakis, George Em},
  journal={arXiv preprint arXiv:2004.01806},
  year={2020}
}


@article{han2020convergence,
  title={Convergence of the deep BSDE method for coupled FBSDEs},
  author={Han, Jiequn and Long, Jihao},
  journal={Probability, Uncertainty and Quantitative Risk},
  volume={5},
  number={1},
  pages={1--33},
  year={2020},
  publisher={Springer}
}


@article{berner2020analysis,
  title={Analysis of the Generalization Error: Empirical Risk Minimization over Deep Artificial Neural Networks Overcomes the Curse of Dimensionality in the Numerical Approximation of Black--Scholes Partial Differential Equations},
  author={Berner, Julius and Grohs, Philipp and Jentzen, Arnulf},
  journal={SIAM Journal on Mathematics of Data Science},
  volume={2},
  number={3},
  pages={631--657},
  year={2020},
  publisher={SIAM}
}


@article{weinan2020comparative,
  title={A comparative analysis of optimization and generalization properties of two-layer neural network and random feature models under gradient descent dynamics},
  author={Weinan, E and Ma, Chao and Wu, Lei},
  journal={Science China Mathematics},
  pages={1--24},
  year={2020},
  publisher={Springer}
}


@article{ma2018priori,
  title={A priori estimates of the population risk for two-layer neural networks},
  author={Ma, Chao and Wu, Lei and others},
  journal={arXiv preprint arXiv:1810.06397},
  year={2018}
}


@article{ma2019priori,
  title={A priori estimates of the population risk for residual networks},
  author={Ma, Chao and Wang, Qingcan and others},
  journal={arXiv preprint arXiv:1903.02154},
  year={2019}
}




@article{chen2019much,
  title={How much over-parameterization is sufficient to learn deep relu networks?},
  author={Chen, Zixiang and Cao, Yuan and Zou, Difan and Gu, Quanquan},
  journal={arXiv preprint arXiv:1911.12360},
  year={2019}
}


@article{cao2019generalization,
  title={Generalization bounds of stochastic gradient descent for wide and deep neural networks},
  author={Cao, Yuan and Gu, Quanquan},
  journal={arXiv preprint arXiv:1905.13210},
  year={2019}
}


@article{jacot2018neural,
  title={Neural tangent kernel: Convergence and generalization in neural networks},
  author={Jacot, Arthur and Gabriel, Franck and Hongler, Cl{\'e}ment},
  journal={arXiv preprint arXiv:1806.07572},
  year={2018}
}



@article{weinan2019barron,
  title={Barron spaces and the compositional function spaces for neural network models},
  author={E, Weinan and Ma, Chao and Wu, Lei},
  journal={arXiv preprint arXiv:1906.08039},
  year={2019}
}


@article{hutzenthaler2020overcoming,
  title={Overcoming the curse of dimensionality in the numerical approximation of semilinear parabolic partial differential equations},
  author={Hutzenthaler, Martin and Jentzen, Arnulf and Kruse, Thomas and Anh Nguyen, Tuan and von Wurstemberger, Philippe},
  journal={Proceedings of the Royal Society A},
  volume={476},
  number={2244},
  pages={20190630},
  year={2020},
  publisher={The Royal Society Publishing}
}

@article{lanthaler2021error,
  title={Error estimates for DeepOnets: A deep learning framework in infinite dimensions},
  author={Lanthaler, Samuel and Mishra, Siddhartha and Karniadakis, George Em},
  journal={arXiv preprint arXiv:2102.09618},
  year={2021}
}

@article{mishra2020enhancing,
  title={Enhancing accuracy of deep learning algorithms by training with low-discrepancy sequences},
  author={Mishra, Siddhartha and Rusch, T Konstantin},
  journal={arXiv preprint arXiv:2005.12564},
  year={2020}
}

@article{mishra2020estimates,
  title={Estimates on the generalization error of physics informed neural networks (pinns) for approximating pdes ii: A class of inverse problems},
  author={Mishra, Siddhartha and Molinaro, Roberto},
  journal={arXiv preprint arXiv:2007.01138},
  year={2020}
}

@book{wainwright2019high,
  title={High-dimensional statistics: A non-asymptotic viewpoint},
  author={Wainwright, Martin J},
  volume={48},
  year={2019},
  publisher={Cambridge University Press}
}

@book{mohri2018foundations,
  title={Foundations of machine learning},
  author={Mohri, Mehryar and Rostamizadeh, Afshin and Talwalkar, Ameet},
  year={2018},
  publisher={MIT press}
}

@book{shalev2014understanding,
  title={Understanding machine learning: From theory to algorithms},
  author={Shalev-Shwartz, Shai and Ben-David, Shai},
  year={2014},
  publisher={Cambridge university press}
}

@article{luo2020two,
  title={Two-layer neural networks for partial differential equations: Optimization and generalization theory},
  author={Luo, Tao and Yang, Haizhao},
  journal={arXiv preprint arXiv:2006.15733},
  year={2020}
}

@article{weinan2019barron,
  title={Barron spaces and the compositional function spaces for neural network models},
  author={E, Weinan and Ma, Chao and Wu, Lei},
  journal={arXiv preprint arXiv:1906.08039},
  year={2019}
}

@article{xu2020finite,
  title={Finite Neuron Method and Convergence Analysis},
  author={Xu, Jinchao},
  journal={Communications in Computational Physics},
  volume={28},
  number={5},
  pages={1707--1745},
  year={2020}
}

@article{siegel2020approximation,
  title={Approximation rates for neural networks with general activation functions},
  author={Siegel, Jonathan W and Xu, Jinchao},
  journal={Neural Networks},
  year={2020},
  publisher={Elsevier}
}

@article{ma2019barron,
  title={Barron spaces and the compositional function spaces for neural network models},
  author={E, Weinan and Ma, Chao and Wu, Lei},
  journal={arXiv preprint arXiv:1906.08039},
  year={2019}
}

@article{wojtowytsch2020representation,
  title={Representation formulas and pointwise properties for Barron functions.},
  author={E, Weinan and Wojtowytsch, Stephan},
  journal={CoRR},
  year={2020}
}

@article{barron1993universal,
  title={Universal approximation bounds for superpositions of a sigmoidal function},
  author={Barron, Andrew R},
  journal={IEEE Transactions on Information theory},
  volume={39},
  number={3},
  pages={930--945},
  year={1993},
  publisher={IEEE}
}

@article{jones1992simple,
  title={A simple lemma on greedy approximation in Hilbert space and convergence rates for projection pursuit regression and neural network training},
  author={Jones, Lee K},
  journal={The annals of Statistics},
  volume={20},
  number={1},
  pages={608--613},
  year={1992},
  publisher={Institute of Mathematical Statistics}
}

@article{klusowski2018approximation,
  title={Approximation by Combinations of ReLU and Squared ReLU Ridge Functions With l0 and l1 Controls},
  author={Klusowski, Jason M and Barron, Andrew R},
  journal={IEEE Transactions on Information Theory},
  volume={64},
  number={12},
  pages={7649--7656},
  year={2018},
  publisher={IEEE}
}

@article{hornik1994degree,
  title={Degree of approximation results for feedforward networks approximating unknown mappings and their derivatives},
  author={Hornik, Kurt and Stinchcombe, Maxwell and White, Halbert and Auer, Peter},
  journal={Neural Computation},
  volume={6},
  number={6},
  pages={1262--1275},
  year={1994},
  publisher={MIT Press}
}

@book{rockafellar1970convex,
  title={Convex analysis},
  author={Rockafellar, R Tyrrell},
  number={28},
  year={1970},
  publisher={Princeton university press}
}

@article{pisier1981remarques,
  title={Remarques sur un r{\'e}sultat non publi{\'e} de B. Maurey},
  author={Pisier, Gilles},
  journal={S{\'e}minaire Analyse fonctionnelle (dit ``Maurey-Schwartz")},
  pages={1--12},
  year={1981}
}

@article{markoff1938mean,
  title={On mean values and exterior densities},
  author={Markoff, Andrei},
  journal={Rec. Math.},
  volume={4(46)},
  number={1},
  pages={165--191},
  year={1938},
  publisher={Mat. Sbornik}
}

@book{stein2016introduction,
  title={Introduction to Fourier Analysis on Euclidean Spaces (PMS-32), Volume 32},
  author={Stein, Elias M and Weiss, Guido},
  year={2016},
  publisher={Princeton university press}
}

@book{devore1993constructive,
  title={Constructive approximation},
  author={DeVore, Ronald A and Lorentz, George G},
  volume={303},
  year={1993},
  publisher={Springer Science \& Business Media}
}

@book{erdos1989lattice,
  title={Lattice points},
  author={Erd{\"o}s, Paul and Gruber, Peter M and Hammer, Joseph},
  year={1989},
  publisher={Longman scientific \& technical Harlow}
}

@article{makovoz1996random,
  title={Random approximants and neural networks},
  author={Makovoz, Yuly},
  journal={Journal of Approximation Theory},
  volume={85},
  number={1},
  pages={98--109},
  year={1996},
  publisher={Elsevier}
}

@article{berge1973graphs,
  title={Graphs and hypergraphs},
  author={Berge, Claude},
  year={1973},
  publisher={North-Holland}
}

@article{kainen1993quasiorthogonal,
  title={Quasiorthogonal dimension of Euclidean spaces},
  author={Kainen, Paul C and Kurkov{\'a}, V{\u{e}}ra},
  journal={Applied mathematics letters},
  volume={6},
  number={3},
  pages={7--10},
  year={1993},
  publisher={Elsevier}
}

@article{johnson2015saddle,
  title={Saddle-point integration of {C}$^\infty$ bump functions},
  author={Johnson, Steven G},
  journal={Manuscript. Available at http://math. mit. edu/\~{} stevenj/bump-saddle. pdf},
  year={2015},
  publisher={Citeseer}
}

@inproceedings{nair2010rectified,
  title={Rectified linear units improve restricted boltzmann machines},
  author={Nair, Vinod and Hinton, Geoffrey E},
  booktitle={ICML},
  year={2010}
}

@article{devore1998nonlinear,
  title={Nonlinear approximation},
  author={DeVore, Ronald A},
  journal={Acta numerica},
  volume={7},
  pages={51--150},
  year={1998},
  publisher={Cambridge University Press}
}

@article{attali1997approximations,
  title={Approximations of functions by a multilayer perceptron: a new approach},
  author={Attali, Jean-Gabriel and Pag{\`e}s, Gilles},
  journal={Neural networks},
  volume={10},
  number={6},
  pages={1069--1081},
  year={1997},
  publisher={Elsevier}
}

@article{leshno1993multilayer,
  title={Multilayer feedforward networks with a nonpolynomial activation function can approximate any function},
  author={Leshno, Moshe and Lin, Vladimir Ya and Pinkus, Allan and Schocken, Shimon},
  journal={Neural networks},
  volume={6},
  number={6},
  pages={861--867},
  year={1993},
  publisher={Elsevier}
}

@article{ellacott1994aspects,
  title={Aspects of the numerical analysis of neural networks},
  author={Ellacott, SW},
  journal={Acta Numerica},
  volume={3},
  pages={145--202},
  year={1994},
  publisher={Cambridge University Press}
}

@article{hornik1991approximation,
  title={Approximation capabilities of multilayer feedforward networks},
  author={Hornik, Kurt},
  journal={Neural networks},
  volume={4},
  number={2},
  pages={251--257},
  year={1991},
  publisher={Elsevier}
}

@article{hornik1993some,
  title={Some new results on neural network approximation},
  author={Hornik, Kurt},
  journal={Neural networks},
  volume={6},
  number={8},
  pages={1069--1072},
  year={1993},
  publisher={Elsevier}
}

@article{hornik1994degree,
  title={Degree of approximation results for feedforward networks approximating unknown mappings and their derivatives},
  author={Hornik, Kurt and Stinchcombe, Maxwell and White, Halbert and Auer, Peter},
  journal={Neural Computation},
  volume={6},
  number={6},
  pages={1262--1275},
  year={1994},
  publisher={MIT Press}
}

@article{bresler2020sharp,
  title={Sharp Representation Theorems for ReLU Networks with Precise Dependence on Depth},
  author={Bresler, Guy and Nagaraj, Dheeraj},
  journal={arXiv preprint arXiv:2006.04048},
  year={2020}
}

@inproceedings{barron1992neural,
  title={Neural net approximation},
  author={Barron, Andrew R},
  booktitle={Proc. 7th Yale Workshop on Adaptive and Learning Systems},
  volume={1},
  pages={69--72},
  year={1992}
}

@Article{he2018relu,
author = {He , Juncai and Li , Lin and Xu , Jinchao and Zheng , Chunyue },
title = {ReLU Deep Neural Networks and Linear Finite Elements},
journal = {Journal of Computational Mathematics},
year = {2020},
volume = {38},
number = {3},
pages = {502--527},
abstract = {
In this paper, we investigate the relationship between deep neural networks (DNN) with rectified linear unit (ReLU) function as the activation function and continuous piecewise linear (CPWL) functions, especially CPWL functions from the simplicial linear finite element method (FEM). We first consider the special case of FEM.  By exploring the DNN representation of its nodal basis functions, we present a ReLU DNN representation of CPWL in FEM. We theoretically establish that at least $2$ hidden layers are needed in a ReLU DNN to represent any linear finite element functions in $\Omega \subseteq \mathbb{R}^d$ when $d\ge2$.  Consequently, for $d=2,3$ which are often encountered in scientific and engineering computing, the minimal number of two hidden layers are necessary and sufficient for any CPWL function to be represented by a ReLU DNN. Then we include a detailed account on how a general CPWL in $\mathbb R^d$ can be represented by a ReLU DNN with at most $\lceil\log_2(d+1)\rceil$ hidden layers and we also give an estimation of the number of neurons in DNN that are needed in such a representation.  Furthermore, using the relationship between DNN and FEM, we theoretically argue that a special class of DNN models with low bit-width are still expected to have an adequate representation power in applications.  Finally, as a proof of concept, we present some numerical results for using ReLU DNNs to solve a two point boundary problem to demonstrate the potential of applying DNN for numerical solution of partial differential equations.
},
issn = {1991-7139},
doi = {https://doi.org/10.4208/jcm.1901-m2018-0160},
url = {http://global-sci.org/intro/article_detail/jcm/15798.html}
}

@article{daubechies2019nonlinear,
  title={Nonlinear approximation and (deep) relu networks},
  author={Daubechies, Ingrid and DeVore, Ronald and Foucart, Simon and Hanin, Boris and Petrova, Guergana},
  journal={arXiv preprint arXiv:1905.02199},
  year={2019}
}

@Article{CiCP-28-1707,
author = {Jinchao Xu},
title = {Finite Neuron Method and Convergence Analysis},
journal = {Communications in Computational Physics},
year = {2020},
volume = {28},
number = {5},
pages = {1707--1745},
abstract = {

We study a family of $H^m$-conforming piecewise polynomials based on the
artificial neural network, referred to as the finite neuron method (FNM), for numerical
solution of $2m$-th-order partial differential equations in $\mathbb{R}^d$ for any $m,d≥1$ and then
provide convergence analysis for this method. Given a general domain Ω$⊂\mathbb{R}^d$ and a
partition $\mathcal{T}_h$ of Ω, it is still an open problem in general how to construct a conforming finite element subspace of $H^m$(Ω) that has adequate approximation properties. By using
techniques from artificial neural networks, we construct a family of $H^m$-conforming
functions consisting of piecewise polynomials of degree $k$ for any $k≥m$ and we further obtain the error estimate when they are applied to solve the elliptic boundary
value problem of any order in any dimension. For example, the error estimates that $‖u−u_N‖_{H^m(\rm{Ω})}=\mathcal{O}(N^{−\frac{1}{2}−\frac{1}{d}})$ is obtained for the error between the exact solution $u$ and
the finite neuron approximation $u_N$. A discussion is also provided on the difference
and relationship between the finite neuron method and finite element methods (FEM).
For example, for the finite neuron method, the underlying finite element grids are not
given a priori and the discrete solution can be obtained by only solving a non-linear
and non-convex optimization problem. Despite the many desirable theoretical properties of the finite neuron method analyzed in the paper, its practical value requires
further investigation as the aforementioned underlying non-linear and non-convex optimization problem can be expensive and challenging to solve. For completeness and
the convenience of the reader, some basic known results and their proofs are introduced.

},
issn = {1991-7120},
doi = {https://doi.org/10.4208/cicp.OA-2020-0191},
url = {http://global-sci.org/intro/article_detail/cicp/18394.html}
}

@book{brenner2007mathematical,
  title={The mathematical theory of finite element methods},
  author={Brenner, Susanne and Scott, Ridgway},
  volume={15},
  year={2007},
  publisher={Springer Science \& Business Media}
}

@article{bungartz2004sparse,
  title={Sparse grids},
  author={Bungartz, Hans-Joachim and Griebel, Michael},
  journal={Acta numerica},
  volume={13},
  number={1},
  pages={147--269},
  year={2004},
  publisher={Citeseer}
}

@article{lin2014lower,
  title={Lower bounds of the discretization error for piecewise polynomials},
  author={Lin, Qun and Xie, Hehu and Xu, Jinchao},
  journal={Mathematics of Computation},
  volume={83},
  number={285},
  pages={1--13},
  year={2014}
}

@book{lai2007spline,
  title={Spline functions on triangulations},
  author={Lai, Ming-Jun and Schumaker, Larry L},
  number={110},
  year={2007},
  publisher={Cambridge University Press}
}

@article{vzenivsek1970interpolation,
  title={Interpolation polynomials on the triangle},
  author={{\v{Z}}en{\'\i}{\v{s}}ek, Alexander},
  journal={Numerische Mathematik},
  volume={15},
  number={4},
  pages={283--296},
  year={1970},
  publisher={Springer}
}

@article{argyris1968tuba,
  title={The TUBA family of plate elements for the matrix displacement method},
  author={Argyris, John H and Fried, Isaac and Scharpf, Dieter W},
  journal={The Aeronautical Journal},
  volume={72},
  number={692},
  pages={701--709},
  year={1968},
  publisher={Cambridge University Press}
}

@article{bramble1970triangular,
  title={Triangular elements in the finite element method},
  author={Bramble, James H and Zl{\'a}mal, Milo{\v{s}}},
  journal={Mathematics of Computation},
  volume={24},
  number={112},
  pages={809--820},
  year={1970}
}

@article{yarotsky2017error,
  title={Error bounds for approximations with deep ReLU networks},
  author={Yarotsky, Dmitry},
  journal={Neural Networks},
  volume={94},
  pages={103--114},
  year={2017},
  publisher={Elsevier}
}

@article{yarotsky2018optimal,
  title={Optimal approximation of continuous functions by very deep ReLU networks},
  author={Yarotsky, Dmitry},
  journal={arXiv preprint arXiv:1802.03620},
  year={2018}
}

@article{yarotsky2020phase,
  title={The phase diagram of approximation rates for deep neural networks},
  author={Yarotsky, Dmitry and Zhevnerchuk, Anton},
  journal={Advances in Neural Information Processing Systems},
  volume={33},
  year={2020}
}

@article{petrushev1998approximation,
  title={Approximation by ridge functions and neural networks},
  author={Petrushev, Pencho P},
  journal={SIAM Journal on Mathematical Analysis},
  volume={30},
  number={1},
  pages={155--189},
  year={1998},
  publisher={SIAM}
}

@article{kurkova2001bounds,
  title={Bounds on rates of variable-basis and neural-network approximation},
  author={Kurkov{\'a}, Vera and Sanguineti, Marcello},
  journal={IEEE Transactions on Information Theory},
  volume={47},
  number={6},
  pages={2659--2665},
  year={2001},
  publisher={IEEE}
}

@article{kurkova2002comparison,
  title={Comparison of worst case errors in linear and neural network approximation},
  author={Kurkov{\'a}, Vera and Sanguineti, Marcello},
  journal={IEEE Transactions on Information Theory},
  volume={48},
  number={1},
  pages={264--275},
  year={2002},
  publisher={IEEE}
}

@misc{siegel2020highorder,
      title={High-Order Approximation Rates for Neural Networks with {ReLU$^k$} Activation Functions}, 
      author={Jonathan W. Siegel and Jinchao Xu},
      year={2020},
      eprint={2012.07205},
      archivePrefix={arXiv},
      primaryClass={math.NA}
}

@book{daubechies1992ten,
  title={Ten lectures on wavelets},
  author={Daubechies, Ingrid},
  year={1992},
  publisher={SIAM}
}

@article{daubechies2019nonlinear,
  title={Nonlinear approximation and (deep) relu networks},
  author={Daubechies, Ingrid and DeVore, Ronald and Foucart, Simon and Hanin, Boris and Petrova, Guergana},
  journal={arXiv preprint arXiv:1905.02199},
  year={2019}
}

@article{ma2019priori,
  title={A priori estimates of the population risk for two-layer neural networks},
  author={E, W. and Ma, Chao and Wu, Lei},
  journal={Communications in Mathematical Sciences},
  volume={17},
  number={5},
  pages={1407--1425},
  year={2019},
  publisher={International Press of Boston}
}

@article{barron2008approximation,
  title={Approximation and learning by greedy algorithms},
  author={Barron, Andrew R and Cohen, Albert and Dahmen, Wolfgang and DeVore, Ronald A},
  journal={The annals of statistics},
  volume={36},
  number={1},
  pages={64--94},
  year={2008},
  publisher={Institute of Mathematical Statistics}
}

@article{li2019better,
  title={Better approximations of high dimensional smooth functions by deep neural networks with rectified power units},
  author={Li, Bo and Tang, Shanshan and Yu, Haijun},
  journal={arXiv preprint arXiv:1903.05858},
  year={2019}
}

@article{di1857note,
  title={Note sur une nouvelle formule de calcul diff{\'e}rentiel},
  author={Di Bruno, F Fa{\`a}},
  journal={Quarterly J. Pure Appl. Math},
  volume={1},
  number={359-360},
  pages={12},
  year={1857}
}

@book{brenner2007mathematical,
  title={The mathematical theory of finite element methods},
  author={Brenner, Susanne and Scott, Ridgway},
  volume={15},
  year={2007},
  publisher={Springer Science \& Business Media}
}

@article{whitehead1940c1,
  title={On {C}$^1$-complexes},
  author={Whitehead, John Henry C},
  journal={Annals of Mathematics},
  pages={809--824},
  year={1940},
  publisher={JSTOR}
}

@article{whitney1934analytic,
  title={Analytic extensions of differentiable functions defined in closed sets},
  author={Whitney, Hassler},
  journal={Transactions of the American Mathematical Society},
  volume={36},
  number={1},
  pages={63--89},
  year={1934},
  publisher={JSTOR}
}

@article{xu1982error,
  title={Error estimates of the finite element method for the 2nd order elliptic equations with discontinuous coefficients},
  author={Xu, Jinchao},
  journal={J. Xiangtan University},
  volume={1},
  pages={1--5},
  year={1982}
}

@article{cohen2020optimal,
  title={Optimal Stable Nonlinear Approximation},
  author={Cohen, Albert and Devore, Ronald and Petrova, Guergana and Wojtaszczyk, Przemyslaw},
  journal={arXiv preprint arXiv:2009.09907},
  year={2020}
}

@book{lorentz1996constructive,
  title={Constructive approximation: advanced problems},
  author={Lorentz, George G and Golitschek, Manfred v and Makovoz, Yuly},
  volume={304},
  year={1996},
  publisher={Springer}
}

@article{makovoz1998uniform,
  title={Uniform approximation by neural networks},
  author={Makovoz, Yuly},
  journal={Journal of Approximation Theory},
  volume={95},
  number={2},
  pages={215--228},
  year={1998},
  publisher={Elsevier}
}

@article{siegel2020high,
  title={High-Order Approximation Rates for Neural Networks with {ReLU$^k$} Activation Functions},
  author={Siegel, Jonathan W and Xu, Jinchao},
  journal={arXiv preprint arXiv:2012.07205},
  year={2020}
}

@article{bramble1970estimation,
  title={Estimation of linear functionals on Sobolev spaces with application to Fourier transforms and spline interpolation},
  author={Bramble, James H and Hilbert, SR},
  journal={SIAM Journal on Numerical Analysis},
  volume={7},
  number={1},
  pages={112--124},
  year={1970},
  publisher={SIAM}
}

@article{lorentz1966metric,
  title={Metric entropy and approximation},
  author={Lorentz, GG},
  journal={Bulletin of the American Mathematical Society},
  volume={72},
  number={6},
  pages={903--937},
  year={1966}
}

@article{carl1981entropy,
  title={Entropy numbers, s-numbers, and eigenvalue problems},
  author={Carl, Bernd},
  journal={Journal of Functional Analysis},
  volume={41},
  number={3},
  pages={290--306},
  year={1981},
  publisher={Academic Press}
}

@article{prokhorov1956convergence,
  title={Convergence of random processes and limit theorems in probability theory},
  author={Prokhorov, Yu V},
  journal={Theory of Probability \& Its Applications},
  volume={1},
  number={2},
  pages={157--214},
  year={1956},
  publisher={SIAM}
}

@article{hornik1989multilayer,
  title={Multilayer feedforward networks are universal approximators.},
  author={Hornik, Kurt and Stinchcombe, Maxwell and White, Halbert},
  journal={Neural networks},
  volume={2},
  number={5},
  pages={359--366},
  year={1989}
}

@book{evans2015measure,
  title={Measure theory and fine properties of functions},
  author={Evans, Lawrence Craig and Gariepy, Ronald F},
  year={2015},
  publisher={CRC press}
}

@inproceedings{ball1990entropy,
  title={The entropy of convex bodies with ``few" extreme points},
  author={Ball, Keith and Pajor, Alain},
  booktitle={Proceedings of the 1989 Conference in Banach Spaces at Strob. Austria. Cambridge Univ. Press},
  year={1990}
}

@inproceedings{carl1985inequalities,
  title={Inequalities of {B}ernstein-{J}ackson-type and the degree of compactness of operators in Banach spaces},
  author={Carl, Bernd},
  booktitle={Annales de l'institut Fourier},
  volume={35},
  number={3},
  pages={79--118},
  year={1985}
}

@article{lecun2015deep,
  title={Deep learning},
  author={LeCun, Yann and Bengio, Yoshua and Hinton, Geoffrey},
  journal={Nature},
  volume={521},
  number={7553},
  pages={436--444},
  year={2015},
  publisher={Nature Publishing Group}
}

@article{lu2020deep,
  title={Deep network approximation for smooth functions},
  author={Lu, Jianfeng and Shen, Zuowei and Yang, Haizhao and Zhang, Shijun},
  journal={arXiv preprint arXiv:2001.03040},
  year={2020}
}

@article{opschoor2020deep,
  title={Deep ReLU networks and high-order finite element methods},
  author={Opschoor, Joost AA and Petersen, Philipp C and Schwab, Christoph},
  journal={Analysis and Applications},
  volume={18},
  number={05},
  pages={715--770},
  year={2020},
  publisher={World Scientific}
}

@article{yarotsky2019phase,
  title={The phase diagram of approximation rates for deep neural networks},
  author={Yarotsky, Dmitry and Zhevnerchuk, Anton},
  journal={arXiv preprint arXiv:1906.09477},
  year={2019}
}

@article{lu2021priori,
  title={A Priori Generalization Analysis of the Deep Ritz Method for Solving High Dimensional Elliptic Equations},
  author={Lu, Jianfeng and Lu, Yulong and Wang, Min},
  journal={arXiv preprint arXiv:2101.01708},
  year={2021}
}

@article{han2018solving,
  title={Solving high-dimensional partial differential equations using deep learning},
  author={Han, Jiequn and Jentzen, Arnulf and E, Weinan},
  journal={Proceedings of the National Academy of Sciences},
  volume={115},
  number={34},
  pages={8505--8510},
  year={2018},
  publisher={National Acad Sciences}
}

@article{li2020multipole,
  title={Multipole graph neural operator for parametric partial differential equations},
  author={Li, Zongyi and Kovachki, Nikola and Azizzadenesheli, Kamyar and Liu, Burigede and Bhattacharya, Kaushik and Stuart, Andrew and Anandkumar, Anima},
  journal={arXiv preprint arXiv:2006.09535},
  year={2020}
}

@article{raissi2018hidden,
  title={Hidden physics models: Machine learning of nonlinear partial differential equations},
  author={Raissi, Maziar and Karniadakis, George Em},
  journal={Journal of Computational Physics},
  volume={357},
  pages={125--141},
  year={2018},
  publisher={Elsevier}
}

@article{dudley1967sizes,
  title={The sizes of compact subsets of Hilbert space and continuity of Gaussian processes},
  author={Dudley, Richard M},
  journal={Journal of Functional Analysis},
  volume={1},
  number={3},
  pages={290--330},
  year={1967},
  publisher={Elsevier}
}

@inproceedings{kolmogorov1958linear,
  title={On linear dimensionality of topological vector spaces},
  author={Kolmogorov, Andrei Nikolaevich},
  booktitle={Doklady Akademii Nauk},
  volume={120},
  number={2},
  pages={239--241},
  year={1958},
  organization={Russian Academy of Sciences}
}

@article{luo2020two,
  title={Two-layer neural networks for partial differential equations: Optimization and generalization theory},
  author={Luo, Tao and Yang, Haizhao},
  journal={arXiv preprint arXiv:2006.15733},
  year={2020}
}

@article{devore2020neural,
  title={Neural Network Approximation},
  author={DeVore, Ronald and Hanin, Boris and Petrova, Guergana},
  journal={arXiv preprint arXiv:2012.14501},
  year={2020}
}

@book{pisier1999volume,
  title={The volume of convex bodies and Banach space geometry},
  author={Pisier, Gilles},
  volume={94},
  year={1999},
  publisher={Cambridge University Press}
}

@book{dudley2018real,
  title={Real analysis and probability},
  author={Dudley, Richard M},
  year={2018},
  publisher={CRC Press}
}

@article{devore1996some,
  title={Some remarks on greedy algorithms},
  author={DeVore, Ronald A and Temlyakov, Vladimir N},
  journal={Advances in computational Mathematics},
  volume={5},
  number={1},
  pages={173--187},
  year={1996},
  publisher={Springer}
}

@article{siegel2021optimal,
      title={Optimal Approximation Rates and Metric Entropy of {ReLU$^k$} and Cosine Networks}, 
      author={Jonathan W. Siegel and Jinchao Xu},
      year={2021},
      journal={arXiv preprint arXiv:2101.12365}
}

@article{wojtowytsch2020can,
  title={Can shallow neural networks beat the curse of dimensionality? A mean field training perspective},
  author={Wojtowytsch, Stephan and E, Weinan},
  journal={arXiv preprint arXiv:2005.10815},
  year={2020}
}

@article{tropp2007signal,
  title={Signal recovery from random measurements via orthogonal matching pursuit},
  author={Tropp, Joel A and Gilbert, Anna C},
  journal={IEEE Transactions on information theory},
  volume={53},
  number={12},
  pages={4655--4666},
  year={2007},
  publisher={IEEE}
}

@article{lee1996efficient,
  title={Efficient agnostic learning of neural networks with bounded fan-in},
  author={Lee, Wee Sun and Bartlett, Peter L and Williamson, Robert C},
  journal={IEEE Transactions on Information Theory},
  volume={42},
  number={6},
  pages={2118--2132},
  year={1996},
  publisher={IEEE}
}

@article{zhang2003sequential,
  title={Sequential greedy approximation for certain convex optimization problems},
  author={Zhang, Tong},
  journal={IEEE Transactions on Information Theory},
  volume={49},
  number={3},
  pages={682--691},
  year={2003},
  publisher={IEEE}
}

@article{lu2021deepxde,
  title={DeepXDE: A deep learning library for solving differential equations},
  author={Lu, Lu and Meng, Xuhui and Mao, Zhiping and Karniadakis, George Em},
  journal={SIAM Review},
  volume={63},
  number={1},
  pages={208--228},
  year={2021},
  publisher={SIAM}
}

@article{muller2021error,
  title={Error Estimates for the Variational Training of Neural Networks with Boundary Penalty},
  author={M{\"u}ller, Johannes and Zeinhofer, Marius},
  journal={arXiv preprint arXiv:2103.01007},
  year={2021}
}

@article{son2021sobolev,
  title={Sobolev Training for the Neural Network Solutions of PDEs},
  author={Son, Hwijae and Jang, Jin Woo and Han, Woo Jin and Hwang, Hyung Ju},
  journal={arXiv preprint arXiv:2101.08932},
  year={2021}
}

@article{shin2020error,
  title={Error estimates of residual minimization using neural networks for linear PDEs},
  author={Shin, Yeonjong and Zhang, Zhongqiang and Karniadakis, George Em},
  journal={arXiv preprint arXiv:2010.08019},
  year={2020}
}

@article{lee1996efficient,
  title={Efficient agnostic learning of neural networks with bounded fan-in},
  author={Lee, Wee Sun and Bartlett, Peter L and Williamson, Robert C},
  journal={IEEE Transactions on Information Theory},
  volume={42},
  number={6},
  pages={2118--2132},
  year={1996},
  publisher={IEEE}
}

@inproceedings{li1999mixture,
  title={Mixture Density Estimation.},
  author={Li, Jonathan Q and Barron, Andrew R},
  booktitle={NIPS},
  volume={12},
  pages={279--285},
  year={1999}
}

@article{kakade2008complexity,
  title={On the complexity of linear prediction: Risk bounds, margin bounds, and regularization},
  author={Kakade, Sham M and Sridharan, Karthik and Tewari, Ambuj},
  year={2008}
}

@article{freund1997decision,
  title={A decision-theoretic generalization of on-line learning and an application to boosting},
  author={Freund, Yoav and Schapire, Robert E},
  journal={Journal of computer and system sciences},
  volume={55},
  number={1},
  pages={119--139},
  year={1997},
  publisher={Elsevier}
}

@article{friedman2001greedy,
  title={Greedy function approximation: a gradient boosting machine},
  author={Friedman, Jerome H},
  journal={Annals of statistics},
  pages={1189--1232},
  year={2001},
  publisher={JSTOR}
}

@article{temlyakov2008greedy,
  title={Greedy approximation},
  author={Temlyakov, Vladimir N},
  journal={Acta Numerica},
  volume={17},
  number={235},
  pages={409},
  year={2008},
  publisher={Cambridge, England; New York: Cambridge University Press, c1992-}
}

@article{livshits2009lower,
  title={Lower bounds for the rate of convergence of greedy algorithms},
  author={Livshits, Evgenii Davidovich},
  journal={Izvestiya: Mathematics},
  volume={73},
  number={6},
  pages={1197},
  year={2009},
  publisher={IOP Publishing}
}

@article{livshitz2003two,
  title={Two lower estimates in greedy approximation},
  author={Livshitz, ED and Temlyakov, VN},
  journal={Constructive approximation},
  volume={19},
  number={4},
  pages={509--523},
  year={2003},
  publisher={Springer}
}

@article{sil2004rate,
  title={Rate of convergence of greedy algorithms},
  author={Sil'nichenko, AV},
  journal={Mathematical Notes},
  volume={76},
  number={3},
  pages={582--586},
  year={2004},
  publisher={Springer}
}

@article{lin2015re,
  title={Re-scale boosting for regression and classification},
  author={Lin, Shaobo and Wang, Yao and Xu, Lin},
  journal={arXiv preprint arXiv:1505.01371},
  year={2015}
}





@article{cascon2008quasi,
  title={Quasi-optimal convergence rate for an adaptive finite element method},
  author={Cascon, J Manuel and Kreuzer, Christian and Nochetto, Ricardo H and Siebert, Kunibert G},
  journal={SIAM Journal on Numerical Analysis},
  volume={46},
  number={5},
  pages={2524--2550},
  year={2008},
  publisher={SIAM}
}


@article{gaspoz2014approximation,
  title={Approximation classes for adaptive higher order finite element approximation},
  author={Gaspoz, Fernando and Morin, Pedro},
  journal={Mathematics of Computation},
  volume={83},
  number={289},
  pages={2127--2160},
  year={2014}
}


@phdthesis{siegel2018accelerated,
  title={Accelerated First-Order Optimization with Orthogonality Constraints},
  author={Siegel, Jonathan},
  year={2018},
  school={UCLA}
}

@book{nesterov2018lectures,
  title={Lectures on convex optimization},
  author={Nesterov, Yurii and others},
  volume={137},
  year={2018},
  publisher={Springer}
}

@book{kelley1999iterative,
  title={Iterative methods for optimization},
  author={Kelley, Carl T},
  year={1999},
  publisher={SIAM}
}

@article{zeng2021newton,
  title={A Newton's Iteration Converges Quadratically to Nonisolated Solutions Too},
  author={Zeng, Zhonggang},
  journal={arXiv preprint arXiv:2101.09180},
  year={2021}
}

@article{wedin1972perturbation,
  title={Perturbation bounds in connection with singular value decomposition},
  author={Wedin, Per-{\AA}ke},
  journal={BIT Numerical Mathematics},
  volume={12},
  number={1},
  pages={99--111},
  year={1972},
  publisher={Springer}
}

@article{chen1994superconvergence,
  title={Superconvergence analysis and error expansion for the Wilson nonconforming finite element},
  author={Chen, Hongsen and Li, Bo},
  journal={Numerische Mathematik},
  volume={69},
  number={2},
  pages={125--140},
  year={1994},
  publisher={Springer}
}

@article{rannacher1992simple,
  title={Simple nonconforming quadrilateral Stokes element},
  author={Rannacher, Rolf and Turek, Stefan},
  journal={Numerical Methods for Partial Differential Equations},
  volume={8},
  number={2},
  pages={97--111},
  year={1992},
  publisher={Wiley Online Library}
}

@article{lin2005superconvergence,
  title={Superconvergence and extrapolation of non-conforming low order finite elements applied to the Poisson equation},
  author={Lin, Qun and Tobiska, Lutz and Zhou, Aihui},
  journal={IMA Journal of Numerical Analysis},
  volume={25},
  number={1},
  pages={160--181},
  year={2005},
  publisher={OUP}
}

@book{grisvard2011elliptic,
  title={Elliptic problems in nonsmooth domains},
  author={Grisvard, Pierre},
  year={2011},
  publisher={SIAM}
}

@article{arbogast1995implementation,
  title={On the implementation of mixed methods as nonconforming methods for second-order elliptic problems},
  author={Arbogast, Todd and Chen, Zhangxin},
  journal={Mathematics of Computation},
  volume={64},
  number={211},
  pages={943--972},
  year={1995}
}


@article{hu2014lower,
  title={Lower bounds for eigenvalues of elliptic operators: by nonconforming finite element methods},
  author={Hu, Jun and Huang, Yunqing and Lin, Qun},
  journal={Journal of Scientific Computing},
  volume={61},
  number={1},
  pages={196--221},
  year={2014},
  publisher={Springer}
}

@article{lin2010stokes,
  title={Stokes eigenvalue approximations from below with nonconforming mixed finite element methods},
  author={Lin, Qun and Xie, Hehu and Luo, Fusheng and Li, Yu and Yang, Yidu},
  journal={Math. Pract. Theory},
  volume={40},
  number={19},
  pages={157--168},
  year={2010}
}


@inproceedings{glorot2011deep,
  title={Deep sparse rectifier neural networks},
  author={Glorot, Xavier and Bordes, Antoine and Bengio, Yoshua},
  booktitle={Proceedings of the fourteenth international conference on artificial intelligence and statistics},
  pages={315--323},
  year={2011},
  organization={JMLR Workshop and Conference Proceedings}
}

@inproceedings{maas2013rectifier,
  title={Rectifier nonlinearities improve neural network acoustic models},
  author={Maas, Andrew L and Hannun, Awni Y and Ng, Andrew Y},
  booktitle={Proc. icml},
  volume={30},
  number={1},
  pages={3},
  year={2013},
  organization={Citeseer}
}

@article{shin2020convergence,
  title={On the convergence and generalization of physics informed neural networks},
  author={Shin, Yeonjong and Darbon, Jerome and Karniadakis, George Em},
  journal={arXiv preprint arXiv:2004.01806},
  year={2020}
}


@book{strichartz2003guide,
  title={A guide to distribution theory and Fourier transforms},
  author={Strichartz, Robert S},
  year={2003},
  publisher={World Scientific Publishing Company}
}

@book{stein2016introduction,
  title={Introduction to Fourier analysis on Euclidean spaces (PMS-32)},
  author={Stein, Elias M and Weiss, Guido},
  volume={32},
  year={2016},
  publisher={Princeton university press}
}

@article{lecun2015deep,
  title={Deep \protect{Learning}},
  author={LeCun, Yann and Bengio, Yoshua and Hinton, Geoffrey},
  journal={Nature},
  volume={521},
  number={7553},
  pages={436},
  year={2015},
  publisher={Nature Publishing Group}
}

@article{leshno1993multilayer,
	title={Multilayer feedforward networks with a nonpolynomial activation function can approximate any function},
	author={Leshno, Moshe and Lin, Vladimir Ya and Pinkus, Allan and Schocken, Shimon},
	journal={Neural networks},
	volume={6},
	number={6},
	pages={861--867},
	year={1993},
	publisher={Elsevier}
}

@article{pinkus1999approximation,
	title={Approximation theory of the \protect{MLP} model in neural networks},
	author={Pinkus, Allan},
	journal={Acta numerica},
	volume={8},
	pages={143--195},
	year={1999},
	publisher={Cambridge University Press}
}

@article{barron1993universal,
	title={Universal approximation bounds for superpositions of a sigmoidal function},
	author={Barron, Andrew R},
	journal={IEEE Transactions on Information theory},
	volume={39},
	number={3},
	pages={930--945},
	year={1993},
	publisher={IEEE}
}

@article{zhou2018universality,
  title={Universality of deep convolutional neural networks},
  author={Zhou, Ding-Xuan},
  journal={arXiv preprint arXiv:1805.10769},
  year={2018}
}

@book{evans1998partial,
  title={Partial Differential Equations},
  author={Evans, L.C. and American Mathematical Society},
  isbn={9780821807729},
  lccn={97041033},
  series={Graduate Studies in Mathematics},
  year={1998},
  publisher={American Mathematical Society}
}

@article{hornik1993some,
  title={Some new results on neural network approximation},
  author={Hornik, Kurt},
  journal={Neural networks},
  volume={6},
  number={8},
  pages={1069--1072},
  year={1993},
  publisher={Elsevier}
}

@article{hornik1991approximation,
  title={Approximation capabilities of multilayer feedforward networks},
  author={Hornik, Kurt},
  journal={Neural networks},
  volume={4},
  number={2},
  pages={251--257},
  year={1991},
  publisher={Elsevier}
}

@article{mhaskar1994dimension,
  title={Dimension-independent bounds on the degree of approximation by neural networks},
  author={Mhaskar, Hrushikesh Narhar and Micchelli, Charles A},
  journal={IBM Journal of Research and Development},
  volume={38},
  number={3},
  pages={277--284},
  year={1994},
  publisher={IBM}
}

@article{mhaskar1995degree,
  title={Degree of approximation by neural and translation networks with a single hidden layer},
  author={Mhaskar, HN and Micchelli, Charles A},
  journal={Advances in applied mathematics},
  volume={16},
  number={2},
  pages={151--183},
  year={1995},
  publisher={Elsevier}
}

@article{mhaskar1996neural,
  title={Neural networks for optimal approximation of smooth and analytic functions},
  author={Mhaskar, Hrushikesh N},
  journal={Neural computation},
  volume={8},
  number={1},
  pages={164--177},
  year={1996},
  publisher={MIT Press}
}

@article{he2018relu,
  title={\protect{ReLU} deep neural networks and linear finite elements},
  author={He, Juncai and Li, Lin and Xu, Jinchao and Zheng, Chunyue},
  journal={arXiv preprint arXiv:1807.03973},
  year={2018}
}

@inproceedings{nair2010rectified,
  title={Rectified linear units improve restricted boltzmann machines},
  author={Nair, Vinod and Hinton, Geoffrey E},
  booktitle={Proceedings of the 27th international conference on machine learning (ICML-10)},
  pages={807--814},
  year={2010}
}

@article{stone1948generalized,
  title={The Generalized Weierstrass Approximation Theorem},
  author={Stone, Marshall H},
  journal={Mathematics Magazine},
  volume={21},
  number={5},
  pages={237--254},
  year={1948},
  publisher={JSTOR}
}

@book{duoandikoetxea2001fourier,
  title={Fourier analysis},
  author={Duoandikoetxea, Javier and Zuazo, Javier Duoandikoetxea},
  volume={29},
  year={2001},
  publisher={American Mathematical Soc.}
}

@book{demengel2012functional,
  title={Functional spaces for the theory of elliptic partial differential equations},
  author={Demengel, Fran{\c{c}}oise and Demengel, Gilbert and Ern{\'e}, Reinie},
  year={2012},
  publisher={Springer}
}

@book{leoni2017first,
  title={A first course in Sobolev spaces},
  author={Leoni, Giovanni},
  volume={181},
  year={2017},
  publisher={American Mathematical Soc.}
}

@article{hornik1994degree,
  title={Degree of approximation results for feedforward networks approximating unknown mappings and their derivatives},
  author={Hornik, Kurt and Stinchcombe, Maxwell and White, Halbert and Auer, Peter},
  journal={Neural Computation},
  volume={6},
  number={6},
  pages={1262--1275},
  year={1994},
  publisher={MIT Press}
}

@article{yarotsky2017error,
  title={Error bounds for approximations with deep \protect{ReLU} networks},
  author={Yarotsky, Dmitry},
  journal={Neural Networks},
  volume={94},
  pages={103--114},
  year={2017},
  publisher={Elsevier}
}

@inproceedings{lu2017expressive,
  title={The expressive power of neural networks: A view from the width},
  author={Lu, Zhou and Pu, Hongming and Wang, Feicheng and Hu, Zhiqiang and Wang, Liwei},
  booktitle={Advances in Neural Information Processing Systems},
  pages={6231--6239},
  year={2017}
}

@article{ellacott1994aspects,
  title={Aspects of the numerical analysis of neural networks},
  author={Ellacott, SW},
  journal={Acta Numerica},
  volume={3},
  pages={145--202},
  year={1994},
  publisher={Cambridge University Press}
}

@article{attali1997approximations,
  title={Approximations of functions by a multilayer perceptron: a new approach},
  author={Attali, Jean-Gabriel and Pag{\`e}s, Gilles},
  journal={Neural networks},
  volume={10},
  number={6},
  pages={1069--1081},
  year={1997},
  publisher={Elsevier}
}
@ARTICLE{lagaris1998artificial,
  author={I. E. {Lagaris} and A. {Likas} and D. I. {Fotiadis}},
  journal={IEEE Transactions on Neural Networks}, 
  title={Artificial neural networks for solving ordinary and partial differential equations}, 
  year={1998},
  volume={9},
  number={5},
  pages={987-1000},}


@book{evans2010partial,
  title={Partial Differential Equations},
  author={Evans, L.C.},
  isbn={9780821849743},
  lccn={2009044716},
  series={Graduate studies in mathematics},
  url={https://books.google.com/books?id=Xnu0o\_EJrCQC},
  year={2010},
  publisher={American Mathematical Society}
}

@article{chen2019randomized,
  title={A randomized \protect{Newton's} method for solving differential equations based on the neural network discretization},
  author={Chen, Q. and Hao, W.},
  journal={arXiv preprint arXiv:1912.03196},
  year={2019}
}

@article{cai2019phase,
  title={A phase shift deep neural network for high frequency wave equations in inhomogeneous media},
  author={Cai, W. and Li, X. and Liu, L.},
  journal={arXiv preprint arXiv:1909.11759},
  year={2019}
}

@article{liu2020multi,
  title={Multi-scale Deep Neural Network (MscaleDNN) for Solving \protect{Poisson-Boltzmann} Equation in Complex Domains},
  author={Liu, Z. and Cai, W. and Xu, Z.},
  journal={arXiv preprint arXiv:2007.11207},
  year={2020}
}

@article{weinan2018deep,
  title={The deep \protect{Ritz} method: a deep  Learning-based numerical algorithm for solving variational problems},
  author={E, W. and Yu, B.},
  journal={Communications in Mathematics and Statistics},
  volume={6},
  number={1},
  pages={1--12},
  year={2018},
  publisher={Springer}
}

@article{sirignano2018dgm,
  title={DGM: A deep learning algorithm for solving partial differential equations},
  author={Sirignano, J. and Spiliopoulos, K.},
  journal={Journal of Computational Physics},
  volume={375},
  pages={1339--1364},
  year={2018},
  publisher={Elsevier}
}

@article{PhysRevD.100.016002,
  title = {Solving differential equations with neural networks: Applications to the calculation of cosmological phase transitions},
  author = {Piscopo, M.L. and Spannowsky, M. and Waite, P.},
  journal = {Phys. Rev. D},
  volume = {100},
  issue = {1},
  pages = {016002},
  numpages = {12},
  year = {2019},
  month = {Jul},
  publisher = {American Physical Society},
  doi = {10.1103/PhysRevD.100.016002},
  url = {https://link.aps.org/doi/10.1103/PhysRevD.100.016002}
}

@article{weickert2001theoretical,
  title={A theoretical framework for convex regularizers in PDE-based computation of image motion},
  author={Weickert, J. and Schn{\"o}rr, C.},
  journal={International Journal of Computer Vision},
  volume={45},
  number={3},
  pages={245--264},
  year={2001},
  publisher={Springer}
}

@article{russell1972collocation,
  title={A collocation method for boundary value problems},
  author={Russell, R.D. and Shampine, L.F.},
  journal={Numerische Mathematik},
  volume={19},
  number={1},
  pages={1--28},
  year={1972},
  publisher={Springer}
}

@article{della1975numerical,
  title={Numerical linear algorithms and group theory},
  author={Della-Dora, J.},
  journal={Linear Algebra and its Applications},
  volume={10},
  number={3},
  pages={267--283},
  year={1975},
  publisher={Elsevier}
}

@inproceedings{li2017stochastic,
  title={Stochastic modified equations and adaptive stochastic gradient algorithms},
  author={Li, Q. and Tai, C. and E, W.},
  booktitle={Proceedings of the 34th International Conference on Machine Learning-Volume 70},
  pages={2101--2110},
  year={2017},
  organization={JMLR. org}
}

@article{wampler2011numerical,
  title={Numerical algebraic geometry and algebraic kinematics},
  author={Wampler, C. W. and Sommese, A. J.},
  journal={Acta Numerica},
  volume={20},
  pages={469--567},
  year={2011},
  publisher={Cambridge University Press}
}

@incollection{sommese2005introduction,
  title={Introduction to numerical algebraic geometry},
  author={Sommese, A. J. and Verschelde, J. and Wampler, C. W.},
  booktitle={Solving polynomial equations},
  pages={301--337},
  year={2005},
  publisher={Springer}
}

@article{leykin2011numerical,
  title={Numerical algebraic geometry},
  author={Leykin, A.},
  journal={Journal of Software for Algebra and Geometry},
  volume={3},
  number={1},
  pages={5--10},
  year={2011},
  publisher={Mathematical Sciences Publishers}
}

@incollection{nocedal1998combining,
  title={Combining trust region and line search techniques},
  author={Nocedal, J. and Yuan, Y.},
  booktitle={Advances in nonlinear programming},
  pages={153--175},
  year={1998},
  publisher={Springer}
}

@book{kloeden2013numerical,
  title={Numerical solution of stochastic differential equations},
  author={Kloeden, P. E. and Platen, E.},
  volume={23},
  year={2013},
  publisher={Springer Science \& Business Media}
}

@Article{Medler1994,
author="Medler, D. A.
and Dawson, M. R. W.",
title="Training redundant artificial neural networks: Imposing biology on technology",
journal="Psychological Research",
year="1994",
month="Nov",
day="01",
volume="57",
number="1",
pages="54--62",
issn="1430-2772",
doi="10.1007/BF00452996",
url="https://doi.org/10.1007/BF00452996"
}

@inproceedings{medler1994using,
  title={Using redundancy to improve the performance of artificial neural networks},
  author={Medler, D. A. and Dawson, M. R. W.},
  booktitle={Proceedings of the Biennial Conference-Canadian Society for Computational Studies of Intelligence},
  pages={131--138},
  year={1994},
  organization={CANADIAN INFORMATION PROCESSING SOCIETY}
}

@book{hu2011blow,
  title={Blow-up theories for semilinear parabolic equations},
  author={Hu, B.},
  year={2011},
  publisher={Springer}
}

@article{cross1993pattern,
  title={Pattern formation outside of equilibrium},
  author={Cross, M. and Hohenberg, P.},
  journal={Reviews of modern physics},
  volume={65},
  number={3},
  pages={851},
  year={1993},
  publisher={APS}
}

@article{cybenko1989approximation,
  title={Approximation by superpositions of a sigmoidal function},
  author={Cybenko, G.},
  journal={Mathematics of control, signals and systems},
  volume={2},
  number={4},
  pages={303--314},
  year={1989},
  publisher={Springer}
}

@article{hao2011domain,
  title={A domain decomposition algorithm for computing multiple steady states of differential equations},
  author={Hao, W. and Hauenstein, J. D. and Hu, B. and Sommese, A. J.},
  journal={submitted: available at www. nd. edu/~ whao/publication. html},
  year={2011}
}

@article{hao2014bootstrapping,
  title={A bootstrapping approach for computing multiple solutions of differential equations},
  author={Hao, W. and Hauenstein, J. D. and Hu, B. and Sommese, A. J.},
  journal={Journal of Computational and Applied Mathematics},
  volume={258},
  pages={181--190},
  year={2014},
  publisher={Elsevier}
}

@article{de2004minimal,
  title={Minimal entropy conditions for Burgers equation},
  author={De Lellis, C. and Otto, F. and Westdickenberg, M.},
  journal={Quarterly of applied mathematics},
  volume={62},
  number={4},
  pages={687--700},
  year={2004}
}

@article{hao2013homotopy,
  title={A homotopy method based on WENO schemes for solving steady state problems of hyperbolic conservation laws},
  author={Hao, W. and Hauenstein, J. D. and Shu, C. and Sommese, A. J. and Xu, Z. and Zhang, Y.},
  journal={Journal of Computational Physics},
  volume={250},
  pages={332--346},
  year={2013},
  publisher={Elsevier}
}

@article{kamenshchik1997singularities,
  title={Singularities in solutions of Burgers' equation},
  author={Kamenshchik, A. Y. and Khalatnikov, I. M. and Martellini, M.},
  journal={Physics Letters A},
  volume={232},
  number={1-2},
  pages={87--90},
  year={1997},
  publisher={Elsevier}
}

@article{chou2006high,
  title={High order residual distribution conservative finite difference WENO schemes for steady state problems on non-smooth meshes},
  author={Chou, C. and Shu, C.},
  journal={Journal of Computational Physics},
  volume={214},
  number={2},
  pages={698--724},
  year={2006},
  publisher={Elsevier}
}

@article{chou2007high,
  title={High order residual distribution conservative finite difference WENO schemes for convection--diffusion steady state problems on non-smooth meshes},
  author={Chou, C. and Shu, C.},
  journal={Journal of Computational Physics},
  volume={224},
  number={2},
  pages={992--1020},
  year={2007},
  publisher={Elsevier}
}

@article{kondo2010reaction,
  title={Reaction-diffusion model as a framework for understanding biological pattern formation},
  author={Kondo, S. and Miura, T.},
  journal={science},
  volume={329},
  number={5999},
  pages={1616--1620},
  year={2010},
  publisher={American Association for the Advancement of Science}
}

@article{gierer1972theory,
  title={A theory of biological pattern formation},
  author={Gierer, A. and Meinhardt, H.},
  journal={Kybernetik},
  volume={12},
  number={1},
  pages={30--39},
  year={1972},
  publisher={Springer}
}

@article{maini2012turing,
  title={Turing's model for biological pattern formation and the robustness problem},
  author={Maini, P. K. and Woolley, T. E. and Baker, R. E. and Gaffney, E. A. and Lee, S. S.},
  journal={Interface focus},
  volume={2},
  number={4},
  pages={487--496},
  year={2012},
  publisher={The Royal Society}
}

@article{turing1990chemical,
  title={The chemical basis of morphogenesis},
  author={Turing, A. M.},
  journal={Bulletin of mathematical biology},
  volume={52},
  number={1-2},
  pages={153--197},
  year={1990},
  publisher={Springer}
}

@article{pearson1993complex,
  title={Complex patterns in a simple system},
  author={Pearson, J. E.},
  journal={Science},
  volume={261},
  number={5118},
  pages={189--192},
  year={1993},
  publisher={American Association for the Advancement of Science}
}

@article{lee1993pattern,
  title={Pattern formation by interacting chemical fronts},
  author={Lee, K. J. and McCormick, W. D. and Ouyang, Q. and Swinney, H. L.},
  journal={Science},
  volume={261},
  number={5118},
  pages={192--194},
  year={1993},
  publisher={American Association for the Advancement of Science}
}

@book{iserles2009first,
  title={A first course in the numerical analysis of differential equations},
  author={Iserles, A.},
  number={44},
  year={2009},
  publisher={Cambridge university press}
}

@book{zienkiewicz1977finite,
  title={The finite element method},
  author={Zienkiewicz, O. C. and Taylor, R. L. and Nithiarasu, P. and Zhu, J.},
  volume={3},
  year={1977},
  publisher={McGraw-hill London}
}

@book{strang1973analysis,
  title={An analysis of the finite element method},
  author={Strang, G. and Fix, G. J.},
  volume={212},
  year={1973},
  publisher={Prentice-hall Englewood Cliffs, NJ}
}

@article{feit1982solution,
  title={Solution of the Schr{\"o}dinger equation by a spectral method},
  author={Feit, M. D. and Fleck Jr, J. A. and Steiger, A.},
  journal={Journal of Computational Physics},
  volume={47},
  number={3},
  pages={412--433},
  year={1982},
  publisher={Elsevier}
}

@book{gottlieb1977numerical,
  title={Numerical analysis of spectral methods: theory and applications},
  author={Gottlieb, D. and Orszag, S. A.},
  volume={26},
  year={1977},
  publisher={Siam}
}

@article{nobile2008sparse,
  title={A sparse grid stochastic collocation method for partial differential equations with random input data},
  author={Nobile, F. and Tempone, R. and Webster, C. G.},
  journal={SIAM Journal on Numerical Analysis},
  volume={46},
  number={5},
  pages={2309--2345},
  year={2008},
  publisher={SIAM}
}

@article{raissi2018deep,
  title={Deep hidden physics models: Deep learning of nonlinear partial differential equations},
  author={Raissi, M.},
  journal={The Journal of Machine Learning Research},
  volume={19},
  number={1},
  pages={932--955},
  year={2018},
  publisher={JMLR. org}
}

@book{gilbarg2015elliptic,
  title={Elliptic partial differential equations of second order},
  author={Gilbarg, David and Trudinger, Neil S},
  volume={224},
  year={2015},
  publisher={springer}
}

@book{trottenberg2000multigrid,
  title={Multigrid},
  author={Trottenberg, U. and Oosterlee, C. W. and Schuller, A.},
  year={2000},
  publisher={Elsevier}
}

@book{briggs2000multigrid,
  title={A multigrid tutorial},
  author={Briggs, W. L. and McCormick, S. F. and others},
  volume={72},
  year={2000},
  publisher={Siam}
}

@book{toselli2006domain,
  title={Domain decomposition methods-algorithms and theory},
  author={Toselli, A. and Widlund, O.},
  volume={34},
  year={2006},
  publisher={Springer Science \& Business Media}
}

@book{smith2004domain,
  title={Domain decomposition: parallel multilevel methods for elliptic partial differential equations},
  author={Smith, Barry and Bjorstad, Petter and Gropp, William},
  year={2004},
  publisher={Cambridge university press}
}

@article{bungartz2004sparse,
  title={Sparse grids},
  author={Bungartz, Hans-Joachim and Griebel, Michael},
  journal={Acta numerica},
  volume={13},
  pages={147--269},
  year={2004},
  publisher={Cambridge University Press}
}

@article{chen2008homotopy,
  title={On homotopy continuation method for computing multiple solutions to the Henon equation},
  author={Chen, X. and Zhou, J.},
  journal={Numerical Methods for Partial Differential Equations: An International Journal},
  volume={24},
  number={3},
  pages={728--748},
  year={2008},
  publisher={Wiley Online Library}
}

@article{farrell2015deflation,
  title={Deflation techniques for finding distinct solutions of nonlinear partial differential equations},
  author={Farrell, P. E. and Birkisson, A. and Funke, S. W.},
  journal={SIAM Journal on Scientific Computing},
  volume={37},
  number={4},
  pages={A2026--A2045},
  year={2015},
  publisher={SIAM}
}

@book{liao2003beyond,
  title={Beyond perturbation: introduction to the homotopy analysis method},
  author={Liao, S.},
  year={2003},
  publisher={Chapman and Hall/CRC}
}

@book{forsyth2002computer,
  title={Computer vision: a modern approach},
  author={Forsyth, D. A. and Ponce, J.},
  year={2002},
  publisher={Prentice Hall Professional Technical Reference}
}

@book{manning1999foundations,
  title={Foundations of statistical natural language processing},
  author={Manning, C. D. and Sch{\"u}tze, H.},
  year={1999},
  publisher={MIT press}
}

@article{han2018solving,
  title={Solving high-dimensional partial differential equations using deep learning},
  author={Han, J. and Jentzen, A. and Weinan, E.},
  journal={Proceedings of the National Academy of Sciences},
  volume={115},
  number={34},
  pages={8505--8510},
  year={2018},
  publisher={National Acad Sciences}
}

@book{paidoussis1998fluid,
  title={Fluid-structure interactions: slender structures and axial flow},
  author={Paidoussis, M. P.},
  volume={1},
  year={1998},
  publisher={Academic press}
}

@article{shu2003high,
  title={High-order finite difference and finite volume WENO schemes and discontinuous Galerkin methods for CFD},
  author={Shu, C.},
  journal={International Journal of Computational Fluid Dynamics},
  volume={17},
  number={2},
  pages={107--118},
  year={2003},
  publisher={Taylor \& Francis Group}
}

@article{xing2005high,
  title={High order finite difference WENO schemes with the exact conservation property for the shallow water equations},
  author={Xing, Y. and Shu, C.},
  journal={Journal of Computational Physics},
  volume={208},
  number={1},
  pages={206--227},
  year={2005},
  publisher={Elsevier}
}

@article{xu1999monotone,
  title={A monotone finite element scheme for convection-diffusion equations},
  author={Xu, J. and Zikatanov, L.},
  journal={Mathematics of Computation of the American Mathematical Society},
  volume={68},
  number={228},
  pages={1429--1446},
  year={1999}
}

@article{marion1995error,
  title={Error estimates on a new nonlinear Galerkin method based on two-grid finite elements},
  author={Marion, M. and Xu, J.},
  journal={SIAM Journal on Numerical Analysis},
  volume={32},
  number={4},
  pages={1170--1184},
  year={1995},
  publisher={SIAM}
}

@book{shen2011spectral,
  title={Spectral methods: algorithms, analysis and applications},
  author={Shen, J. and Tang, T. and Wang, L.},
  volume={41},
  year={2011},
  publisher={Springer Science \& Business Media}
}

@book{xiu2010numerical,
  title={Numerical methods for stochastic computations: a spectral method approach},
  author={Xiu, D.},
  year={2010},
  publisher={Princeton university press}
}

@book{karniadakis2013spectral,
  title={Spectral/hp element methods for computational fluid dynamics},
  author={Karniadakis, G. and Sherwin, S.},
  year={2013},
  publisher={Oxford University Press}
}

@article{schumack1991spectral,
  title={Spectral method solution of the Stokes equations on nonstaggered grids},
  author={Schumack, M. R. and Schultz, W. W. and Boyd, J. P.},
  journal={Journal of Computational Physics},
  volume={94},
  number={1},
  pages={30--58},
  year={1991},
  publisher={Elsevier}
}

@article{bramble1991convergence,
  title={Convergence estimates for multigrid algorithms without regularity assumptions},
  author={Bramble, J. H. and Pasciak, J. E. and Wang, J. and Xu, J.},
  journal={Mathematics of Computation},
  volume={57},
  number={195},
  pages={23--45},
  year={1991}
}

@article{xu2004energy,
  title={On an energy minimizing basis for algebraic multigrid methods},
  author={Xu, J. and Zikatanov, L.},
  journal={Computing and Visualization in Science},
  volume={7},
  number={3-4},
  pages={121--127},
  year={2004},
  publisher={Springer}
}

@article{shen2010efficient,
  title={Efficient spectral sparse grid methods and applications to high-dimensional elliptic problems},
  author={Shen, J. and Yu, H.},
  journal={SIAM Journal on Scientific Computing},
  volume={32},
  number={6},
  pages={3228--3250},
  year={2010},
  publisher={SIAM}
}

@article{wang2018two,
  title={Two-Level Spectral Methods for Nonlinear Elliptic Equations with Multiple Solutions},
  author={Wang, Y. and Hao, W. and Lin, G.},
  journal={SIAM Journal on Scientific Computing},
  volume={40},
  number={4},
  pages={B1180--B1205},
  year={2018},
  publisher={SIAM}
}

@article{he2018relu,
  title={\protect{ReLU} deep neural networks and linear finite elements},
  author={He, J. and Li, L. and Xu, J. and Zheng, C.},
  journal={arXiv preprint arXiv:1807.03973},
  year={2018}
}

@article{qin2019data,
  title={Data driven governing equations approximation using deep neural networks},
  author={Qin, T. and Wu, K. and Xiu, D.},
  journal={Journal of Computational Physics},
  year={2019},
  publisher={Elsevier}
}

@article{wu2019data,
  title={Data-Driven Deep Learning of Partial Differential Equations in Modal Space},
  author={Wu, K. and Xiu, D.},
  journal={arXiv preprint arXiv:1910.06948},
  year={2019}
}

@book{courant2008methods,
  title={Methods of Mathematical Physics: Partial Differential Equations},
  author={Courant, R. and Hilbert, D.},
  year={2008},
  publisher={John Wiley \& Sons}
}

@book{jones2009differential,
  title={Differential equations and mathematical biology},
  author={Jones, D. S. and Plank, M. and Sleeman, B. D.},
  year={2009},
  publisher={Chapman and Hall/CRC}
}

@book{ames1965nonlinear,
  title={Nonlinear partial differential equations in engineering},
  author={Ames, W. F.},
  volume={18},
  year={1965},
  publisher={Academic press}
}

@article{baranyi1993non,
  title={A non-autonomous differential equation to model bacterial growth},
  author={Baranyi, J. and Roberts, T. A. and McClure, P.},
  journal={Food microbiology},
  volume={10},
  number={1},
  pages={43--59},
  year={1993},
  publisher={Elsevier Science}
}

@book{cockburn2012discontinuous,
  title={Discontinuous Galerkin methods: theory, computation and applications},
  author={Cockburn, B. and Karniadakis, G. E. and Shu, C.},
  volume={11},
  year={2012},
  publisher={Springer Science \& Business Media}
}

@article{karniadakis1991high,
  title={High-order splitting methods for the incompressible Navier-Stokes equations},
  author={Karniadakis, G. E. and Israeli, M. and Orszag, S. A.},
  journal={Journal of computational physics},
  volume={97},
  number={2},
  pages={414--443},
  year={1991},
  publisher={Elsevier}
}

@article{fedosov2011multiscale,
  title={Multiscale modeling of red blood cell mechanics and blood flow in malaria},
  author={Fedosov, D. A. and Lei, H. and Caswell, B. and Suresh, S. and Karniadakis, G. E.},
  journal={PLoS computational biology},
  volume={7},
  number={12},
  pages={e1002270},
  year={2011},
  publisher={Public Library of Science}
}

@article{lei2012quantifying,
  title={Quantifying the rheological and hemodynamic characteristics of sickle cell anemia},
  author={Lei, H. and Karniadakis, G. E.},
  journal={Biophysical journal},
  volume={102},
  number={2},
  pages={185--194},
  year={2012},
  publisher={Elsevier}
}

@article{bright2013compressive,
  title={Compressive sensing based machine learning strategy for characterizing the flow around a cylinder with limited pressure measurements},
  author={Bright, I. and Lin, G. and Kutz, J. N.},
  journal={Physics of Fluids},
  volume={25},
  number={12},
  pages={127102},
  year={2013},
  publisher={AIP}
}

@article{wang2019efficient,
  title={Efficient Deep Learning Techniques for Multiphase Flow Simulation in Heterogeneous Porous Media},
  author={Wang, Y. and Lin, G.},
  journal={Journal of Computational Physics},
  pages={108968},
  year={2019},
  publisher={Elsevier}
}

@article{liu2019krylov,
  title={Krylov implicit integration factor discontinuous Galerkin methods on sparse grids for high dimensional reaction-diffusion equations},
  author={Liu, Y. and Cheng, Y. and Chen, S. and Zhang, Y.},
  journal={Journal of Computational Physics},
  volume={388},
  pages={90--102},
  year={2019},
  publisher={Elsevier}
}

@article{weinan2017deep,
  title={Deep learning-based numerical methods for high-dimensional parabolic partial differential equations and backward stochastic differential equations},
  author={E, W. and Han, J. and Jentzen, A.},
  journal={Communications in Mathematics and Statistics},
  volume={5},
  number={4},
  pages={349--380},
  year={2017},
  publisher={Springer}
}

@article{mascarenhas2004bfgs,
  title={The \protect{BFGS} method with exact line searches fails for non-convex objective functions},
  author={Mascarenhas, W. F.},
  journal={Mathematical Programming},
  volume={99},
  number={1},
  pages={49--61},
  year={2004},
  publisher={Springer}
}

@article{hornik1991approximation,
  title={Approximation capabilities of multilayer feedforward networks},
  author={Hornik, Kurt},
  journal={Neural networks},
  volume={4},
  number={2},
  pages={251--257},
  year={1991},
  publisher={Elsevier}
}


@inproceedings{feynmanfeynman,
  title={The Feynman Lectures on Physics, Volume 3: Quantum mechancis},
  author={Feynman, R and Leighton, R and Sands, M},
  booktitle={Library of Congress, Catalog Card},
  number={63-20717},
  year={1965}
}


@article{raissi2019physics,
  title={Physics-informed neural networks: A deep learning framework for solving forward and inverse problems involving nonlinear partial differential equations},
  author={Raissi, Maziar and Perdikaris, Paris and Karniadakis, George E},
  journal={Journal of Computational Physics},
  volume={378},
  pages={686--707},
  year={2019},
  publisher={Elsevier}
}
@article{barron1993universal,
  title={Universal approximation bounds for superpositions of a sigmoidal function},
  author={Barron, Andrew R},
  journal={IEEE Transactions on Information theory},
  volume={39},
  number={3},
  pages={930--945},
  year={1993},
  publisher={IEEE}
}

@article{jones1992simple,
  title={A simple lemma on greedy approximation in Hilbert space and convergence rates for projection pursuit regression and neural network training},
  author={Jones, Lee K},
  journal={The annals of Statistics},
  volume={20},
  number={1},
  pages={608--613},
  year={1992},
  publisher={Institute of Mathematical Statistics}
}

@article{mishra2020estimates,
  title={Estimates on the generalization error of physics informed neural networks (pinns) for approximating pdes ii: A class of inverse problems},
  author={Mishra, Siddhartha and Molinaro, Roberto},
  journal={arXiv preprint arXiv:2007.01138},
  year={2020}
}

@article{mishra2020enhancing,
  title={Enhancing accuracy of deep learning algorithms by training with low-discrepancy sequences},
  author={Mishra, Siddhartha and Rusch, T Konstantin},
  journal={arXiv preprint arXiv:2005.12564},
  year={2020}
}

@article{fu2020exact,
  title={Exact smooth piecewise polynomial sequences on \protect{Alfeld} splits},
  author={Fu, Guosheng and Guzm{\'a}n, Johnny and Neilan, Michael},
  journal={Mathematics of Computation},
  volume={89},
  number={323},
  pages={1059--1091},
  year={2020}
}

 
@article{funahashi1989approximate,
  title={On the approximate realization of continuous mappings by neural networks},
  author={Funahashi, Ken-Ichi},
  journal={Neural networks},
  volume={2},
  number={3},
  pages={183--192},
  year={1989},
  publisher={Elsevier}
}

@article{cybenko1989approximation,
  title={Approximation by superpositions of a sigmoidal function},
  author={Cybenko, George},
  journal={Mathematics of control, signals and systems},
  volume={2},
  number={4},
  pages={303--314},
  year={1989},
  publisher={Springer}
}

@article{hornik1989multilayer,
  title={Multilayer feedforward networks are universal approximators.},
  author={Hornik, Kurt and Stinchcombe, Maxwell and White, Halbert},
  journal={Neural networks},
  volume={2},
  number={5},
  pages={359--366},
  year={1989}
}

@article{mcculloch1943logical,
  title={A logical calculus of the ideas immanent in nervous activity},
  author={McCulloch, Warren S and Pitts, Walter},
  journal={The bulletin of mathematical biophysics},
  volume={5},
  number={4},
  pages={115--133},
  year={1943},
  publisher={Springer}
}

@book{morley1967triangular,
  title={The triangular equilibrium element in the solution of plate bending problems},
  author={Morley, Leslie Sydney Dennis},
  year={1967},
  publisher={RAE}
}

@article{he2020preprint,
  title={\protect{DNN with Heaviside, \protect{ReLU} and \protect{ReQU} activation functions}},
  author={He, Juncai and Li, Lin and Xu, Jinchao},
  journal={preprint},
  year={2020}
}


@book{goodfellow2016deep,
  title={Deep \protect{Learning}},
  author={Goodfellow, Ian and Bengio, Yoshua and Courville, Aaron and Bengio, Yoshua},
  volume={1},
  year={2016},
  publisher={MIT press Cambridge}
}

@article{yaacov2014multivariate,
  title={A multivariate version of the vandermonde determinant identity},
  author={Yaacov, Ita{\i} Ben},
  journal={arXiv preprint arXiv:1405.0993},
  volume={8},
  year={2014},
  publisher={Citeseer}
}

@book{rubinstein2016simulation,
  title={Simulation and the Monte Carlo method},
  author={Rubinstein, Reuven Y and Kroese, Dirk P},
  volume={10},
  year={2016},
  publisher={John Wiley \& Sons}
}

@article{xu1992iterative,
  title={Iterative methods by space decomposition and subspace correction},
  author={Xu, Jinchao},
  journal={SIAM review},
  volume={34},
  number={4},
  pages={581--613},
  year={1992},
  publisher={SIAM}
}
@article{feng1965finite,
  title={Finite difference schemes based on variational principles},
  author={Feng, Kang},
  journal={Appl. Math. Comput. Math},
  volume={2},
  pages={238--262},
  year={1965}
}

@article{baymani2010artificial,
  title={Artificial neural networks approach for solving stokes problem},
  author={Baymani, Modjtaba and Kerayechian, Asghar and Effati, Sohrab},
  journal={Applied Mathematics},
  volume={1},
  number={4},
  pages={288},
  year={2010},
  publisher={Scientific Research Publishing}
}

@article{siegel2020approximations,
  title={Approximation rates for neural networks with general activation functions},
  author={Siegel, Jonathan W and Xu, Jinchao},
  journal={Neural Networks},
  year={2020},
  publisher={Elsevier}
}
 

@article{makovoz1996random,
  title={Random approximants and neural networks},
  author={Makovoz, Yuly},
  journal={Journal of Approximation Theory},
  volume={85},
  number={1},
  pages={98--109},
  year={1996},
  publisher={Elsevier}
}

@book{lions2012non,
  title={Non-homogeneous boundary value problems and applications},
  author={Lions, Jacques Louis and Magenes, Enrico},
  volume={1},
  year={2012},
  publisher={Springer Science \& Business Media}
}

@article{antonietti2018fully,
  title={The fully nonconforming virtual element method for biharmonic problems},
  author={Antonietti, Paola F and Manzini, Gianmarco and Verani, Marco},
  journal={Mathematical Models and Methods in Applied Sciences},
  volume={28},
  number={02},
  pages={387--407},
  year={2018},
  publisher={World Scientific}
}


@article{brezzi2013virtual,
  title={Virtual element methods for plate bending problems},
  author={Brezzi, Franco and Marini, L Donatella},
  journal={Computer Methods in Applied Mechanics and Engineering},
  volume={253},
  pages={455--462},
  year={2013},
  publisher={Elsevier}
}

@article{brezzi2014basic,
  title={Basic principles of mixed virtual element methods},
  author={Brezzi, Franco and Falk, Richard S and Marini, L Donatella},
  journal={ESAIM: Mathematical Modelling and Numerical Analysis},
  volume={48},
  number={4},
  pages={1227--1240},
  year={2014},
  publisher={EDP Sciences}
}


@article{beirao2013basic,
  title={Basic principles of virtual element methods},
  author={Beir{\~a}o da Veiga, L and Brezzi, Franco and Cangiani, Andrea and Manzini, Gianmarco and Marini, L Donatella and Russo, Alessandro},
  journal={Mathematical Models and Methods in Applied Sciences},
  volume={23},
  number={01},
  pages={199--214},
  year={2013},
  publisher={World Scientific}
}

@article{baker1977finite,
  title={Finite element methods for elliptic equations using nonconforming elements},
  author={Baker, Garth A},
  journal={Mathematics of Computation},
  volume={31},
  number={137},
  pages={45--59},
  year={1977}
}

@article{wu2017pm,
  title={\protect{$P_m$ interior penalty nonconforming finite element methods for 2m-th order PDEs in $\mathbb{R}^n$}},
  author={Wu, Shuonan and Xu, Jinchao},
  journal={arXiv preprint arXiv:1710.07678},
  year={2017}
}

@book{cottrell2009isogeometric,
  title={Isogeometric analysis: toward integration of CAD and FEA},
  author={Cottrell, J Austin and Hughes, Thomas JR and Bazilevs, Yuri},
  year={2009},
  publisher={John Wiley \& Sons}
}

@article{ma2019priori,
  title={A priori estimates of the population risk for two-layer neural networks},
  author={E, Weinan and Ma, Chao and Wu, Lei},
  journal={Communications in Mathematical Sciences},
  volume={17},
  number={5},
  pages={1407--1425},
  year={2019},
  publisher={International Press of Boston}
}


@article{wojtowytsch2020representation,
  title={Representation formulas and pointwise properties for \protect{Barron} functions},
  author={E, Weinan and Wojtowytsch, Stephan},
  journal={arXiv preprint arXiv:2006.05982},
  year={2020}
}
@article{ma2019barron,
  title={Barron spaces and the compositional function spaces for neural network models},
  author={E, Weinan and Ma, Chao and Wu, Lei},
  journal={arXiv preprint arXiv:1906.08039},
  year={2019}
}


@article{de1971subroutine,
  title={Subroutine package for calculating with \protect{B}-splines},
  author={de Boor, Carl},
  journal={Los Alamos Scient. Lab. Report LA-4728-MS},
  year={1971}
}

@article{bickel1984asymptotic,
  title={Asymptotic normality and the bootstrap in stratified sampling},
  author={Bickel, Peter J and Freedman, David A},
  journal={The annals of statistics},
  pages={470--482},
  year={1984},
  publisher={JSTOR}
}

@book{wasserman2013all,
  title={All of statistics: a concise course in statistical inference},
  author={Wasserman, Larry},
  year={2013},
  publisher={Springer Science \& Business Media}
}

@incollection{lions1972hilbert,
  title={Hilbert Theory of Trace and Interpolation Spaces},
  author={Lions, JL and Magenes, E},
  booktitle={Non-homogeneous boundary value problems and applications},
  pages={1--108},
  year={1972},
  publisher={Springer}
}

@article{li2019better,
  title={Better approximations of high dimensional smooth functions by deep neural networks with rectified power units},
  author={Li, Bo and Tang, Shanshan and Yu, Haijun},
  journal={arXiv preprint arXiv:1903.05858},
  year={2019}
}

@misc{chien1980variational,
  title={Variational methods and finite elements},
  author={Chien, W. Z.},
  year={1980},
  publisher={Beijing: Science Press}
}

@article{chen2020nonconforming,
  title={Nonconforming Virtual Element Method for $2m$th Order Partial Differential Equations in ${R}^n$},
  author={Chen, Long and Huang, Xuehai},
  journal={Mathematics of Computation},
  volume={89},
  number={324},
  pages={1711--1744},
  year={2020}
}

@article{powell1977piecewise,
  title={Piecewise quadratic approximations on triangles},
  author={Powell, Michael JD and Sabin, Malcolm A},
  journal={ACM Transactions on Mathematical Software (TOMS)},
  volume={3},
  number={4},
  pages={316--325},
  year={1977},
  publisher={ACM New York, NY, USA}
}

@article{li2019better,
  title={Better approximations of high dimensional smooth functions by deep neural networks with rectified power units},
  author={Li, Bo and Tang, Shanshan and Yu, Haijun},
  journal={arXiv preprint arXiv:1903.05858},
  year={2019}
}

@article{klusowski2016uniform,
  title={Uniform approximation by neural networks activated by first and second order ridge splines},
  author={Klusowski, Jason M and Barron, Andrew R},
  journal={arXiv preprint arXiv:1607.07819},
  year={2016}
}

@article{he2020relu,
  title={\protect{ReLU} DEEP NEURAL NETWORKS AND LINEAR FINITE ELEMENTS},
  author={He, Juncai and Li, Lin and Xu, Jinchao and Zheng, Chunyue},
  journal={Journal of Computational Mathematics},
  volume={38},
  number={3},
  pages={502--527},
  year={2020}
}

@article{hu2015minimal,
  title={The minimal conforming \protect{$H^k$ finite element spaces on $\mathbb{R}^n$} rectangular grids},
  author={Hu, Jun and Zhang, Shangyou},
  journal={Mathematics of Computation},
  volume={84},
  number={292},
  pages={563--579},
  year={2015}
}

@article{argyris1968tuba,
  title={The TUBA family of plate elements for the matrix displacement method},
  author={Argyris, John H and Fried, Isaac and Scharpf, Dieter W},
  journal={The Aeronautical Journal},
  volume={72},
  number={692},
  pages={701--709},
  year={1968},
  publisher={Cambridge University Press}
}


@article{alfeld1984trivariate,
  title={A trivariate clough-tocher scheme for tetrahedral data},
  author={Alfeld, Peter},
  journal={Computer Aided Geometric Design},
  volume={1},
  number={2},
  pages={169--181},
  year={1984},
  publisher={Elsevier}
}

@inproceedings{clough1965finite,
  title={Finite-element stiffness analysis of plate bending},
  author={Clough, RW and Tocher, JL},
  booktitle={Proc. First Conf. Matrix Methods in Struct. Mech., Wright-Patterson AFB, Dayton (Ohio)},
  year={1965}
}


@article{ming2006morley,
  title={The Morley element for fourth order elliptic equations in any dimensions},
  author={Ming, Wang and Xu, Jinchao},
  journal={Numerische Mathematik},
  volume={103},
  number={1},
  pages={155--169},
  year={2006},
  publisher={Springer}
}


@article{wang2013minimal,
  title={Minimal finite element spaces for $2m$-th-order partial differential equations in $\mathcal R^n$},
  author={Wang, Ming and Xu, Jinchao},
  journal={Mathematics of Computation},
  volume={82},
  number={281},
  pages={25--43},
  year={2013}
}

@article{vzenivsek1973polynomial,
  title={Polynomial approximation on tetrahedrons in the finite element method},
  author={{\v{Z}}en{\'\i}{\v{s}}ek, Alexander},
  journal={Journal of Approximation Theory},
  volume={7},
  number={4},
  pages={334--351},
  year={1973},
  publisher={Elsevier}
}

@book{lai2007spline,
  title={Spline functions on triangulations},
  author={Lai, MingJun and Schumaker, Larry L},
  number={110},
  year={2007},
  publisher={Cambridge University Press}
}

@book{ciarlet2002finite,
  title={The finite element method for elliptic problems},
  author={Ciarlet, Philippe G},
  year={2002},
  publisher={SIAM}
}


@article{wang2006morley,
  title={{The Morley element for fourth order elliptic equations in any
  dimensions}},
  author={Wang, Ming and Xu, Jinchao},
  journal={Numerische Mathematik},
  volume={103},
  number={1},
  pages={155--169},
  year={2006},
  publisher={Springer}
}

%% MWX element 
@article{wang2013minimal,
  title={{Minimal finite element spaces for $2m$-th-order partial
    differential equations in $\mathbb{R}^n$}},
  author={Wang, Ming and Xu, Jinchao},
  journal={Mathematics of Computation},
  volume={82},
  number={281},
  pages={25--43},
  year={2013}
}

%% Hu-Zhang 2D arbitrary m 
@article{hu2016canonical,
  title={{A canonical construction of $H^m$-nonconforming triangular
    finite elements}},
  author={Hu, Jun and Zhang, Shangyou},
  volume={33},
  number={3},
  pages={266--288},
  journal={Annals of Applied Mathematics},
  year={2017}
}

%% Wu-Xu m=n+1
@article{wu2017nonconforming,
  title={Nonconforming finite element spaces for $2m$-th order partial
  differential equations on $\mathbb{R}^n$ simplicial grids when $m=
  n+1$},
  author={Wu, Shuonan and Xu, Jinchao},
  journal={Mathematics of Computation},
  volume={88},
  number={316},
  pages={531--551},
  year={2019}
}

%%%%%%%%%%%%%%%%%%%%%%%%%%%%%%%%%%%%%%%%%%%%%%%%%%%%%%%%%%%% 
%% convergence and error estimate 
%%%%%%%%%%%%%%%%%%%%%%%%%%%%%%%%%%%%%%%%%%%%%%%%%%%%%%%%%%%% 

%% Weak supper-approximation + patch test --> convergence 
@article{wang2001necessity,
  title={On the necessity and sufficiency of the patch test for
    convergence of nonconforming finite elements},
  author={Wang, Ming},
  journal={SIAM Journal on Numerical Analysis},
  volume={39},
  number={2},
  pages={363--384},
  year={2001},
  publisher={SIAM}
}

%% Morley error estimate, first one  
@article{arnold1985mixed,
  title={Mixed and nonconforming finite element methods:
    implementation, postprocessing and error estimates},
  author={Arnold, Douglas N and Brezzi, Franco},
  journal={RAIRO-Mod{\'e}lisation math{\'e}matique et analyse
    num{\'e}rique},
  volume={19},
  number={1},
  pages={7--32},
  year={1985}
}


%% H^1 error estimate for Morley
@article{shi1990error,
  title={{Error estimates of Morley element}},
  author={Shi, Zhong Ci},
  journal={Math. Numer. Sinica},
  volume={12},
  number={2},
  pages={113--118},
  year={1990}
}

%% Lower bound, H^{m-1} 
@article{hu2012best,
  title={{The best $L^2$ norm error estimate of lower order finite
    element methods for the fourth order problem}},
  author={Hu, Jun and Shi, Zhong Ci},
  journal={Journal of Computational Mathematics},
  volume={30},
  number={5},
  year={2012}
}

@article{li2014new,
  title={{New error estimates of the Morley element for the plate
    bending problems}},
  author={Li, Mingxia and Guan, Xiaofei and Mao, Shipeng},
  journal={Journal of Computational and Applied Mathematics},
  volume={263},
  pages={405--416},
  year={2014},
  publisher={Elsevier}
}

@article{brenner2003poincare,
  title={{Poincar{\'e}--Friedrichs inequalities for piecewise $H^1$
    functions}},
  author={Brenner, Susanne C},
  journal={SIAM Journal on Numerical Analysis},
  volume={41},
  number={1},
  pages={306--324},
  year={2003},
  publisher={SIAM}
}

@article{scott1990finite,
  title={Finite element interpolation of nonsmooth functions
    satisfying boundary conditions},
  author={Scott, L Ridgway and Zhang, Shangyou},
  journal={Mathematics of Computation},
  volume={54},
  number={190},
  pages={483--493},
  year={1990}
}

@article{arnold2002unified,
  title={{Unified analysis of discontinuous Galerkin methods for
    elliptic problems}},
  author={Arnold, Douglas N and Brezzi, Franco and Cockburn, Bernardo
  and Marini, L Donatella},
  journal={SIAM Journal on Numerical Analysis},
  volume={39},
  number={5},
  pages={1749--1779},
  year={2002},
  publisher={SIAM}
}

@article{mao2010error,
  title={On the error bounds of nonconforming finite elements},
  author={Mao, Shipeng and Shi, Zhong Ci},
  journal={Science China Mathematics},
  volume={53},
  number={11},
  pages={2917--2926},
  year={2010},
  publisher={Springer}
}

%%%%%%%%%%%%%%%%%%%%%%%%%%%%%%%%%%%%%%%%%%%%%%%%%%%%%%%%%%%% 
%% Patch test 
%%%%%%%%%%%%%%%%%%%%%%%%%%%%%%%%%%%%%%%%%%%%%%%%%%%%%%%%%%%%
@article{stummel1979generalized,
  title={The generalized patch test},
  author={Stummel, Friedrich},
  journal={SIAM Journal on Numerical Analysis},
  volume={16},
  number={3},
  pages={449--471},
  year={1979},
  publisher={SIAM}
}

@article{hu2014new,
  title={A new a priori error estimate of nonconforming finite element
  methods},
  author={Hu, Jun and Ma, Rui and Shi, Zhong Ci},
  journal={Science China Mathematics},
  volume={57},
  number={5},
  pages={887--902},
  year={2014},
  publisher={Springer}
}

@article{shi1987fem,
  title={{The F-E-M test for convergence of nonconforming finite
    elements}},
  author={Shi, Zhong Ci},
  journal={Mathematics of Computation},
  volume={49},
  number={180},
  pages={391--405},
  year={1987}
}

@inproceedings{bazeley1965triangular,
  title={Triangular elements in plate bending conforming and
    nonconforming solutions},
  author={Bazeley, GP and Cheung, YK and Irons, BM and Zienkiewicz,
    OC},
  booktitle={Proceedings of the Conference on Matrix Methods in
    Structural Mechanics},
  pages={547--576},
  year={1965},
  organization={Wright Patterson AF Base, Ohio}
}

@article{irons1972experience,
  title={Experience with the patch test for convergence of finite
    elements},
  author={Irons, Bruce M and Razzaque, Abdur},
  journal={The mathematical foundations of the finite element method
    with applications to partial differential equations},
  volume={557},
  pages={587},
  year={1972},
  publisher={Academic Press: New York}
}

@article{veubeke1974variational,
  title={Variational principles and the patch test},
  author={Veubeke, D. and Fraeijs, B.},
  journal={International Journal for Numerical Methods in
    Engineering},
  volume={8},
  number={4},
  pages={783--801},
  year={1974},
  publisher={Wiley Online Library}
}


%%%%%%%%%%%%%%%%%%%%%%%%%%%%%%%%%%%%%%%%%%%%%%%%%%%%%%%%%%%% 
%% Conforming element 
%%%%%%%%%%%%%%%%%%%%%%%%%%%%%%%%%%%%%%%%%%%%%%%%%%%%%%%%%%%% 
%% conforming H^m, rectangular grids, tensor space (macro-element)
@article{hu2015minimal,
  title={{The minimal conforming $H^k$ finite element spaces
    on $\mathcal{R}^n$ rectangular grids}},
  author={Hu, Jun and Zhang, Shangyou},
  journal={Mathematics of Computation},
  volume={84},
  number={292},
  pages={563--579},
  year={2015}
}

%% 2D conforming: H^3 element 
@article{vzenivsek1970interpolation,
  title={Interpolation polynomials on the triangle},
  author={{\v{Z}}en{\'\i}{\v{s}}ek, Alexander},
  journal={Numerische Mathematik},
  volume={15},
  number={4},
  pages={283--296},
  year={1970},
  publisher={Springer}
}

%% 2D conforming: 4m-3 for H^m 
@article{bramble1970triangular,
  title={Triangular elements in the finite element method},
  author={Bramble, James H and Zl{\'a}mal, Milo{\v{s}}},
  journal={Mathematics of Computation},
  volume={24},
  number={112},
  pages={809--820},
  year={1970}
}

@article{zhang2009family,
  title={{A family of 3D continuously differentiable finite elements on
  tetrahedral grids}},
  author={Zhang, Shangyou},
  journal={Applied Numerical Mathematics},
  volume={59},
  number={1},
  pages={219--233},
  year={2009},
  publisher={Elsevier}
}

@article{alfeld1991structure,
  title={The structure of multivariate superspline spaces of high
    degree},
  author={Alfeld, Peter and Sirvent, Maritza},
  journal={Mathematics of Computation},
  volume={57},
  number={195},
  pages={299--308},
  year={1991}
}

@article{schedensack2016new,
  title={A new discretization for {$m$th-Laplace} equations with
    arbitrary polynomial degrees},
  author={Schedensack, Mira},
  journal={SIAM Journal on Numerical Analysis},
  volume={54},
  number={4},
  pages={2138--2162},
  year={2016},
  publisher={SIAM}
}

@article{li1999full,
  title={Full-order convergence of a mixed finite element method for
    fourth-order elliptic equations},
  author={Li, Jichun},
  journal={Journal of Mathematical Analysis and Applications},
  volume={230},
  number={2},
  pages={329--349},
  year={1999},
  publisher={Elsevier}
}

@article{li2006optimal,
  title={Optimal convergence analysis of mixed finite element methods
  for fourth-order elliptic and parabolic problems},
  author={Li, Jichun},
  journal={Numerical Methods for Partial Differential Equations},
  volume={22},
  number={4},
  pages={884--896},
  year={2006},
  publisher={Wiley Online Library}
}

%%%%%%%%%%%%%%%%%%%%%%%%%%%%%%%%%%%%%%%%%%%%%%%%%%%%%%%%%%%% 
%% Applications: 2D tri-harmonic
%%%%%%%%%%%%%%%%%%%%%%%%%%%%%%%%%%%%%%%%%%%%%%%%%%%%%%%%%%%%

%% sixth-order application: thin-film 
@article{barrett2004finite,
  title={Finite element approximation of a sixth order nonlinear
    degenerate parabolic equation},
  author={Barrett, John W and Langdon, Stephen and N{\"u}rnberg,
    Robert},
  journal={Numerische Mathematik},
  volume={96},
  number={3},
  pages={401--434},
  year={2004},
  publisher={Springer}
}

%% sixth-order application: phase crystal 
@article{backofen2007nucleation,
  title={{Nucleation and growth by a phase field crystal (PFC) model}},
  author={Backofen, Rainer and R{\"a}tz, Andreas and Voigt, Axel},
  journal={Philosophical Magazine Letters},
  volume={87},
  number={11},
  pages={813--820},
  year={2007},
  publisher={Taylor \& Francis}
}

%% sixth-order application: phase field crystal equation
@article{cheng2008efficient,
  title={An efficient algorithm for solving the phase field crystal
    model},
  author={Cheng, Mowei and Warren, James A},
  journal={Journal of Computational Physics},
  volume={227},
  number={12},
  pages={6241--6248},
  year={2008},
  publisher={Elsevier}
}

@article{wise2009energy,
  title={An energy-stable and convergent finite-difference scheme for
  the phase field crystal equation},
  author={Wise, Steven M and Wang, Cheng and Lowengrub, John S},
  journal={SIAM Journal on Numerical Analysis},
  volume={47},
  number={3},
  pages={2269--2288},
  year={2009},
  publisher={SIAM}
}

@article{wang2011energy,
  title={An energy stable and convergent finite-difference scheme for
  the modified phase field crystal equation},
  author={Wang, Cheng. and Wise, Steven M},
  journal={SIAM Journal on Numerical Analysis},
  volume={49},
  number={3},
  pages={945--969},
  year={2011},
  publisher={SIAM}
}

@article{hu2009stable,
  title={Stable and efficient finite-difference nonlinear-multigrid
    schemes for the phase field crystal equation},
  author={Hu, Zhengzheng and Wise, Steven M and Wang, Cheng and
    Lowengrub, John S},
  journal={Journal of Computational Physics},
  volume={228},
  number={15},
  pages={5323--5339},
  year={2009},
  publisher={Elsevier}
}

@inproceedings{dai2013geometric,
  title={{Geometric evolution of bilayers under the functionalized
    Cahn--Hilliard equation}},
  author={Dai, Shibin and Promislow, Keith},
  booktitle={Proceedings of the Royal Society A},
  volume={469},
  number={2153},
  pages={20120505},
  year={2013},
  organization={The Royal Society}
}


@article{doelman2014meander,
  title={{Meander and pearling of single-curvature bilayer interfaces
    in the functionalized Cahn--Hilliard equation}},
  author={Doelman, A. and Hayrapetyan, G. and Promislow, K.
  and Wetton, B.},
  journal={SIAM Journal on Mathematical Analysis},
  volume={46},
  number={6},
  pages={3640--3677},
  year={2014},
  publisher={SIAM}
}

@article{du2004phase,
  title={A phase field approach in the numerical study of the elastic
  bending energy for vesicle membranes},
  author={Du, Q. and Liu, C. and Wang, X.},
  journal={Journal of Computational Physics},
  volume={198},
  number={2},
  pages={450--468},
  year={2004},
  publisher={Elsevier}
}

%%%%%%%%%%%%%%%%%%%%%%%%%%%%%%%%%%%%%%%%%%%%%%%%%%%%%%%%%%%% 
%% C0-DG 
%%%%%%%%%%%%%%%%%%%%%%%%%%%%%%%%%%%%%%%%%%%%%%%%%%%%%%%%%%%%
@article{brenner2005c0,
  title={{$C^0$ interior penalty methods for fourth order elliptic
    boundary value problems on polygonal domains}},
  author={Brenner, S. C. and Sung, L.},
  journal={Journal of Scientific Computing},
  volume={22},
  number={1-3},
  pages={83--118},
  year={2005},
  publisher={Springer}
}



@article{gudi2011interior,
  title={{An interior penalty method for a sixth-order elliptic
    equation}},
  author={Gudi, Thirupathi and Neilan, Michael},
  journal={IMA Journal of Numerical Analysis},
  volume={31},
  number={4},
  pages={1734--1753},
  year={2011},
  publisher={Oxford University Press}
}

@article{brenner2009posteriori,
  title={An a posteriori error estimator for a quadratic $C^0$-interior
  penalty method for the biharmonic problem},
  author={Brenner, S. C. and Gudi, T. and Sung, L.-Y.},
  journal={IMA Journal of Numerical Analysis},
  volume={30},
  number={3},
  pages={777--798},
  year={2009},
  publisher={Oxford University Press}
}

%%%%%%%%%%%%%%%%%%%%%%%%%%%%%%%%%%%%%%%%%%%%%%%%%%%%%%%%%%%% 
%% IP 
%%%%%%%%%%%%%%%%%%%%%%%%%%%%%%%%%%%%%%%%%%%%%%%%%%%%%%%%%%%% 
@article{arnold1982interior,
  title={An interior penalty finite element method with discontinuous
  elements},
  author={Arnold, Douglas N},
  journal={SIAM journal on numerical analysis},
  volume={19},
  number={4},
  pages={742--760},
  year={1982},
  publisher={SIAM}
}

%%%%%%%%%%%%%%%%%%%%%%%%%%%%%%%%%%%%%%%%%%%%%%%%%%%%%%%%%%%%
%% Books 
%%%%%%%%%%%%%%%%%%%%%%%%%%%%%%%%%%%%%%%%%%%%%%%%%%%%%%%%%%%% 

@book{ciarlet1978finite,
  title={The finite element method for elliptic problems},
  author={Ciarlet, P. G.},
  year={1978},
  publisher={North-Holland}
}

@book{brenner2007mathematical,
  title={The mathematical theory of finite element methods},
  author={Brenner, S. C. and Scott, L. R.},
  volume={15},
  year={2007},
  publisher={Springer Science \& Business Media}
}

@book{adams2003sobolev,
  title={Sobolev spaces},
  author={Adams, R. A. and Fournier, J. },
  volume={140},
  year={2003},
  publisher={Academic press}
}

@book{Agmon1965Lectures,
  title={Lectures on elliptic boundary value problems},
  author={Agmon, Shmuel},
  publisher={Van Nostrand},
  year={1965},
}

%%%%%%%%%%%%%%%%%%%%%%%%%%%%%%%%%%%%%%%%%%%%%%%%%%%%%%%%%%%%%% 
%% Singular perturbed 
%%%%%%%%%%%%%%%%%%%%%%%%%%%%%%%%%%%%%%%%%%%%%%%%%%%%%%%%%%%%%% 

@article{nilssen2001robust,
  title={A robust nonconforming $H^2$-element},
  author={Nilssen, T. and Tai, X.-C. and Winther, R.},
  journal={Mathematics of Computation},
  volume={70},
  number={234},
  pages={489--505},
  year={2001}
}


@article{tai2006discrete,
  title={{A discrete de Rham complex with enhanced smoothness}},
  author={Tai, X.-C. and Winther, R.},
  journal={Calcolo},
  volume={43},
  number={4},
  pages={287--306},
  year={2006},
  publisher={Springer}
}


@article{guzman2012family,
  title={{A family of non-conforming elements and the analysis of
    Nitsche’s method for a singularly perturbed fourth order problem}},
  author={Guzm{\'a}n, J. and Leykekhman, D. and Neilan, M.},
  journal={Calcolo},
  volume={49},
  number={2},
  pages={95--125},
  year={2012},
  publisher={Springer}
}

@article{brenner1996two,
  title={{A two-level additive Schwarz preconditioner for nonconforming
    plate elements}},
  author={Brenner, S. C.},
  journal={Numerische Mathematik},
  volume={72},
  number={4},
  pages={419--447},
  year={1996},
  publisher={Springer}
}

@article{1983Approximationbv,
  title={Approximation by smooth multivariate splines},
  author={ Boor, C. De  and  Devore, R. },
  journal={Transactions of the American Mathematical Society},
  year={1983},
  volume={276},
  pages={775-788},
}

@article{1983Approximationbh,
  title={Approximation Order from Bivariate \protect{$C^1$-Cubics}: A Counterexample},
  author={Boor, C. De and  H\"ollig, K},
  journal={Proceedings of the American Mathematical Society},
  volume={87},
  number={4},
  pages={649-655},
  year={1983},
}

@article{mcculloch1943logical,
  title={A logical calculus of the ideas immanent in nervous activity},
  author={McCulloch, Warren S and Pitts, Walter},
  journal={The bulletin of mathematical biophysics},
  volume={5},
  number={4},
  pages={115--133},
  year={1943},
  publisher={Springer}
}

@article{kainen2007sobolev,
  title={A Sobolev-type upper bound for rates of approximation by linear combinations of Heaviside plane waves},
  author={Kainen, Paul C and K\r{u}rkov{\'a}, V{\v{e}}ra and Vogt, Andrew},
  journal={Journal of Approximation Theory},
  volume={147},
  number={1},
  pages={1--10},
  year={2007},
  publisher={Elsevier}
}

@article{klusowski2016uniform,
  title={Uniform approximation by neural networks activated by first and second order ridge splines},
  author={Klusowski, Jason M and Barron, Andrew R},
  journal={arXiv preprint arXiv:1607.07819},
  year={2016}
}

@article{siegel2020approximation,
  title={Approximation rates for neural networks with general activation functions},
  author={Siegel, Jonathan W and Xu, Jinchao},
  journal={Neural Networks},
  volume={128},
  pages={313--321},
  year={2020},
  publisher={Elsevier}
}


@article{funahashi1989approximate,
  title={On the approximate realization of continuous mappings by neural networks},
  author={Funahashi, Ken-Ichi},
  journal={Neural networks},
  volume={2},
  number={3},
  pages={183--192},
  year={1989},
  publisher={Elsevier}
}
@article{siegel2021optimal,
  title={Optimal Approximation Rates and Metric Entropy of ReLU$^{k} $ and Cosine Networks},
  author={Siegel, Jonathan W and Xu, Jinchao},
  journal={arXiv preprint arXiv:2101.12365},
  year={2021}
}

@article{siegel2020high,
  title={High-Order Approximation Rates for Neural Networks with ReLU$^{k}$ Activation Functions},
  author={Siegel, Jonathan W and Xu, Jinchao},
  journal={arXiv preprint arXiv:2012.07205},
  year={2020}
}

@article{siegel2020approximation,
  title={Approximation rates for neural networks with general activation functions},
  author={Siegel, Jonathan W and Xu, Jinchao},
  journal={Neural Networks},
  year={2020},
  publisher={Elsevier}
}

@article{ma2019barron,
  title={Barron spaces and the compositional function spaces for neural network models},
  author={Weinan, E and Ma, Chao and Wu, Lei},
  journal={arXiv preprint arXiv:1906.08039},
  year={2019}
}

@article{wojtowytsch2020representation,
  title={Representation formulas and pointwise properties for Barron functions.},
  author={Weinan, E and Wojtowytsch, Stephan},
  journal={CoRR},
  year={2020}
}

@article{barron1993universal,
  title={Universal approximation bounds for superpositions of a sigmoidal function},
  author={Barron, Andrew R},
  journal={IEEE Transactions on Information theory},
  volume={39},
  number={3},
  pages={930--945},
  year={1993},
  publisher={IEEE}
}

@article{jones1992simple,
  title={A simple lemma on greedy approximation in Hilbert space and convergence rates for projection pursuit regression and neural network training},
  author={Jones, Lee K},
  journal={The annals of Statistics},
  volume={20},
  number={1},
  pages={608--613},
  year={1992},
  publisher={Institute of Mathematical Statistics}
}

@article{klusowski2018approximation,
  title={Approximation by Combinations of ReLU and Squared ReLU Ridge Functions With l0 and l1 Controls},
  author={Klusowski, Jason M and Barron, Andrew R},
  journal={IEEE Transactions on Information Theory},
  volume={64},
  number={12},
  pages={7649--7656},
  year={2018},
  publisher={IEEE}
}

@article{hornik1994degree,
  title={Degree of approximation results for feedforward networks approximating unknown mappings and their derivatives},
  author={Hornik, Kurt and Stinchcombe, Maxwell and White, Halbert and Auer, Peter},
  journal={Neural Computation},
  volume={6},
  number={6},
  pages={1262--1275},
  year={1994},
  publisher={MIT Press}
}

@book{rockafellar1970convex,
  title={Convex analysis},
  author={Rockafellar, R Tyrrell},
  number={28},
  year={1970},
  publisher={Princeton university press}
}

@article{pisier1981remarques,
  title={Remarques sur un r{\'e}sultat non publi{\'e} de B. Maurey},
  author={Pisier, Gilles},
  journal={S{\'e}minaire Analyse fonctionnelle (dit" Maurey-Schwartz")},
  pages={1--12},
  year={1981}
}

@article{markoff1938mean,
  title={On mean values and exterior densities},
  author={Markoff, Andrei},
  journal={Rec. Math.},
  volume={4(46)},
  number={1},
  pages={165--191},
  year={1938},
  publisher={Mat. Sbornik}
}

@book{stein2016introduction,
  title={Introduction to Fourier Analysis on Euclidean Spaces (PMS-32), Volume 32},
  author={Stein, Elias M and Weiss, Guido},
  year={2016},
  publisher={Princeton university press}
}

@book{devore1993constructive,
  title={Constructive approximation},
  author={DeVore, Ronald A and Lorentz, George G},
  volume={303},
  year={1993},
  publisher={Springer Science \& Business Media}
}

@book{erdos1989lattice,
  title={Lattice points},
  author={Erd{\"o}s, Paul and Gruber, Peter M and Hammer, Joseph},
  year={1989},
  publisher={Longman scientific \& technical Harlow}
}

@article{makovoz1996random,
  title={Random approximants and neural networks},
  author={Makovoz, Yuly},
  journal={Journal of Approximation Theory},
  volume={85},
  number={1},
  pages={98--109},
  year={1996},
  publisher={Elsevier}
}

@article{berge1973graphs,
  title={Graphs and hypergraphs},
  author={Berge, Claude},
  year={1973},
  publisher={North-Holland}
}

@article{kainen1993quasiorthogonal,
  title={Quasiorthogonal dimension of Euclidean spaces},
  author={Kainen, Paul C and K\r{u}rkov{\'a}, V{\u{e}}ra},
  journal={Applied mathematics letters},
  volume={6},
  number={3},
  pages={7--10},
  year={1993},
  publisher={Elsevier}
}

@article{johnson2015saddle,
  title={Saddle-point integration of {C}$^\infty$ bump functions},
  author={Johnson, Steven G},
  journal={Manuscript. Available at http://math. mit. edu/\~{} stevenj/bump-saddle. pdf},
  year={2015},
  publisher={Citeseer}
}

@inproceedings{nair2010rectified,
  title={Rectified linear units improve restricted boltzmann machines},
  author={Nair, Vinod and Hinton, Geoffrey E},
  booktitle={ICML},
  year={2010}
}

@article{devore1998nonlinear,
  title={Nonlinear approximation},
  author={DeVore, Ronald A},
  journal={Acta numerica},
  volume={7},
  pages={51--150},
  year={1998},
  publisher={Cambridge University Press}
}

@article{attali1997approximations,
  title={Approximations of functions by a multilayer perceptron: a new approach},
  author={Attali, Jean-Gabriel and Pag{\`e}s, Gilles},
  journal={Neural networks},
  volume={10},
  number={6},
  pages={1069--1081},
  year={1997},
  publisher={Elsevier}
}

@article{leshno1993multilayer,
  title={Multilayer feedforward networks with a nonpolynomial activation function can approximate any function},
  author={Leshno, Moshe and Lin, Vladimir Ya and Pinkus, Allan and Schocken, Shimon},
  journal={Neural networks},
  volume={6},
  number={6},
  pages={861--867},
  year={1993},
  publisher={Elsevier}
}

@article{ellacott1994aspects,
  title={Aspects of the numerical analysis of neural networks},
  author={Ellacott, SW},
  journal={Acta Numerica},
  volume={3},
  pages={145--202},
  year={1994},
  publisher={Cambridge University Press}
}

@article{hornik1991approximation,
  title={Approximation capabilities of multilayer feedforward networks},
  author={Hornik, Kurt},
  journal={Neural networks},
  volume={4},
  number={2},
  pages={251--257},
  year={1991},
  publisher={Elsevier}
}

@article{hornik1993some,
  title={Some new results on neural network approximation},
  author={Hornik, Kurt},
  journal={Neural networks},
  volume={6},
  number={8},
  pages={1069--1072},
  year={1993},
  publisher={Elsevier}
}

@article{hornik1994degree,
  title={Degree of approximation results for feedforward networks approximating unknown mappings and their derivatives},
  author={Hornik, Kurt and Stinchcombe, Maxwell and White, Halbert and Auer, Peter},
  journal={Neural Computation},
  volume={6},
  number={6},
  pages={1262--1275},
  year={1994},
  publisher={MIT Press}
}

@article{bresler2020sharp,
  title={Sharp Representation Theorems for ReLU Networks with Precise Dependence on Depth},
  author={Bresler, Guy and Nagaraj, Dheeraj},
  journal={arXiv preprint arXiv:2006.04048},
  year={2020}
}

@inproceedings{barron1992neural,
  title={Neural net approximation},
  author={Barron, Andrew R},
  booktitle={Proc. 7th Yale Workshop on Adaptive and Learning Systems},
  volume={1},
  pages={69--72},
  year={1992}
}

@Article{he2018relu,
author = {He , Juncai and Li , Lin and Xu , Jinchao and Zheng , Chunyue },
title = {ReLU Deep Neural Networks and Linear Finite Elements},
journal = {Journal of Computational Mathematics},
year = {2020},
volume = {38},
number = {3},
pages = {502--527},
abstract = {

In this paper, we investigate the relationship between deep neural networks (DNN) with rectified linear unit (ReLU) function as the activation function and continuous piecewise linear (CPWL) functions, especially CPWL functions from the simplicial linear finite element method (FEM). We first consider the special case of FEM.  By exploring the DNN representation of its nodal basis functions, we present a ReLU DNN representation of CPWL in FEM. We theoretically establish that at least $2$ hidden layers are needed in a ReLU DNN to represent any linear finite element functions in $\Omega \subseteq \mathbb{R}^d$ when $d\ge2$.  Consequently, for $d=2,3$ which are often encountered in scientific and engineering computing, the minimal number of two hidden layers are necessary and sufficient for any CPWL function to be represented by a ReLU DNN. Then we include a detailed account on how a general CPWL in $\mathbb R^d$ can be represented by a ReLU DNN with at most $\lceil\log_2(d+1)\rceil$ hidden layers and we also give an estimation of the number of neurons in DNN that are needed in such a representation.  Furthermore, using the relationship between DNN and FEM, we theoretically argue that a special class of DNN models with low bit-width are still expected to have an adequate representation power in applications.  Finally, as a proof of concept, we present some numerical results for using ReLU DNNs to solve a two point boundary problem to demonstrate the potential of applying DNN for numerical solution of partial differential equations.




},
issn = {1991-7139},
doi = {https://doi.org/10.4208/jcm.1901-m2018-0160},
url = {http://global-sci.org/intro/article_detail/jcm/15798.html}
}

@article{daubechies2019nonlinear,
  title={Nonlinear approximation and (deep) relu networks},
  author={Daubechies, Ingrid and DeVore, Ronald and Foucart, Simon and Hanin, Boris and Petrova, Guergana},
  journal={arXiv preprint arXiv:1905.02199},
  year={2019}
}

@Article{CiCP-28-1707,
author = {Jinchao Xu , },
title = {Finite Neuron Method and Convergence Analysis},
journal = {Communications in Computational Physics},
year = {2020},
volume = {28},
number = {5},
pages = {1707--1745},
abstract = {

We study a family of $H^m$-conforming piecewise polynomials based on the
artificial neural network, referred to as the finite neuron method (FNM), for numerical
solution of $2m$-th-order partial differential equations in $\mathbb{R}^d$ for any $m,d≥1$ and then
provide convergence analysis for this method. Given a general domain Ω$⊂\mathbb{R}^d$ and a
partition $\mathcal{T}_h$ of Ω, it is still an open problem in general how to construct a conforming finite element subspace of $H^m$(Ω) that has adequate approximation properties. By using
techniques from artificial neural networks, we construct a family of $H^m$-conforming
functions consisting of piecewise polynomials of degree $k$ for any $k≥m$ and we further obtain the error estimate when they are applied to solve the elliptic boundary
value problem of any order in any dimension. For example, the error estimates that $‖u−u_N‖_{H^m(\rm{Ω})}=\mathcal{O}(N^{−\frac{1}{2}−\frac{1}{d}})$ is obtained for the error between the exact solution $u$ and
the finite neuron approximation $u_N$. A discussion is also provided on the difference
and relationship between the finite neuron method and finite element methods (FEM).
For example, for the finite neuron method, the underlying finite element grids are not
given a priori and the discrete solution can be obtained by only solving a non-linear
and non-convex optimization problem. Despite the many desirable theoretical properties of the finite neuron method analyzed in the paper, its practical value requires
further investigation as the aforementioned underlying non-linear and non-convex optimization problem can be expensive and challenging to solve. For completeness and
the convenience of the reader, some basic known results and their proofs are introduced.

},
issn = {1991-7120},
doi = {https://doi.org/10.4208/cicp.OA-2020-0191},
url = {http://global-sci.org/intro/article_detail/cicp/18394.html}
}

@book{brenner2007mathematical,
  title={The mathematical theory of finite element methods},
  author={Brenner, Susanne and Scott, Ridgway},
  volume={15},
  year={2007},
  publisher={Springer Science \& Business Media}
}

@article{bungartz2004sparse,
  title={Sparse grids},
  author={Bungartz, Hans-Joachim and Griebel, Michael},
  journal={Acta numerica},
  volume={13},
  number={1},
  pages={147--269},
  year={2004},
  publisher={Citeseer}
}

@article{lin2014lower,
  title={Lower bounds of the discretization error for piecewise polynomials},
  author={Lin, Qun and Xie, Hehu and Xu, Jinchao},
  journal={Mathematics of Computation},
  volume={83},
  number={285},
  pages={1--13},
  year={2014}
}

@book{lai2007spline,
  title={Spline functions on triangulations},
  author={Lai, Ming-Jun and Schumaker, Larry L},
  number={110},
  year={2007},
  publisher={Cambridge University Press}
}

@article{vzenivsek1970interpolation,
  title={Interpolation polynomials on the triangle},
  author={{\v{Z}}en{\'\i}{\v{s}}ek, Alexander},
  journal={Numerische Mathematik},
  volume={15},
  number={4},
  pages={283--296},
  year={1970},
  publisher={Springer}
}

@article{argyris1968tuba,
  title={The TUBA family of plate elements for the matrix displacement method},
  author={Argyris, John H and Fried, Isaac and Scharpf, Dieter W},
  journal={The Aeronautical Journal},
  volume={72},
  number={692},
  pages={701--709},
  year={1968},
  publisher={Cambridge University Press}
}

@article{bramble1970triangular,
  title={Triangular elements in the finite element method},
  author={Bramble, James H and Zl{\'a}mal, Milo{\v{s}}},
  journal={Mathematics of Computation},
  volume={24},
  number={112},
  pages={809--820},
  year={1970}
}

@article{yarotsky2017error,
  title={Error bounds for approximations with deep ReLU networks},
  author={Yarotsky, Dmitry},
  journal={Neural Networks},
  volume={94},
  pages={103--114},
  year={2017},
  publisher={Elsevier}
}

@article{yarotsky2018optimal,
  title={Optimal approximation of continuous functions by very deep ReLU networks},
  author={Yarotsky, Dmitry},
  journal={arXiv preprint arXiv:1802.03620},
  year={2018}
}

@article{yarotsky2020phase,
  title={The phase diagram of approximation rates for deep neural networks},
  author={Yarotsky, Dmitry and Zhevnerchuk, Anton},
  journal={Advances in Neural Information Processing Systems},
  volume={33},
  year={2020}
}

@article{petrushev1998approximation,
  title={Approximation by ridge functions and neural networks},
  author={Petrushev, Pencho P},
  journal={SIAM Journal on Mathematical Analysis},
  volume={30},
  number={1},
  pages={155--189},
  year={1998},
  publisher={SIAM}
}

@article{kurkova2001bounds,
  title={Bounds on rates of variable-basis and neural-network approximation},
  author={Kurkov{\'a}, Vera and Sanguineti, Marcello},
  journal={IEEE Transactions on Information Theory},
  volume={47},
  number={6},
  pages={2659--2665},
  year={2001},
  publisher={IEEE}
}

@article{kurkova2002comparison,
  title={Comparison of worst case errors in linear and neural network approximation},
  author={Kurkov{\'a}, Vera and Sanguineti, Marcello},
  journal={IEEE Transactions on Information Theory},
  volume={48},
  number={1},
  pages={264--275},
  year={2002},
  publisher={IEEE}
}

@misc{siegel2020highorder,
      title={High-Order Approximation Rates for Neural Networks with ReLU$^k$ Activation Functions}, 
      author={Jonathan W. Siegel and Jinchao Xu},
      year={2020},
      eprint={2012.07205},
      archivePrefix={arXiv},
      primaryClass={math.NA}
}

@book{daubechies1992ten,
  title={Ten lectures on wavelets},
  author={Daubechies, Ingrid},
  year={1992},
  publisher={SIAM}
}

@article{daubechies2019nonlinear,
  title={Nonlinear approximation and (deep) relu networks},
  author={Daubechies, Ingrid and DeVore, Ronald and Foucart, Simon and Hanin, Boris and Petrova, Guergana},
  journal={arXiv preprint arXiv:1905.02199},
  year={2019}
}

@article{ma2019priori,
  title={A priori estimates of the population risk for two-layer neural networks},
  author={Weinan, E and Ma, Chao and Wu, Lei},
  journal={Communications in Mathematical Sciences},
  volume={17},
  number={5},
  pages={1407--1425},
  year={2019},
  publisher={International Press of Boston}
}

@article{barron2008approximation,
  title={Approximation and learning by greedy algorithms},
  author={Barron, Andrew R and Cohen, Albert and Dahmen, Wolfgang and DeVore, Ronald A},
  journal={The annals of statistics},
  volume={36},
  number={1},
  pages={64--94},
  year={2008},
  publisher={Institute of Mathematical Statistics}
}

@article{li2019better,
  title={Better approximations of high dimensional smooth functions by deep neural networks with rectified power units},
  author={Li, Bo and Tang, Shanshan and Yu, Haijun},
  journal={arXiv preprint arXiv:1903.05858},
  year={2019}
}

@article{di1857note,
  title={Note sur une nouvelle formule de calcul diff{\'e}rentiel},
  author={Di Bruno, F Fa{\`a}},
  journal={Quarterly J. Pure Appl. Math},
  volume={1},
  number={359-360},
  pages={12},
  year={1857}
}

@book{brenner2007mathematical,
  title={The mathematical theory of finite element methods},
  author={Brenner, Susanne and Scott, Ridgway},
  volume={15},
  year={2007},
  publisher={Springer Science \& Business Media}
}

@article{whitehead1940c1,
  title={On {C}$^1$-complexes},
  author={Whitehead, John Henry C},
  journal={Annals of Mathematics},
  pages={809--824},
  year={1940},
  publisher={JSTOR}
}

@article{whitney1934analytic,
  title={Analytic extensions of differentiable functions defined in closed sets},
  author={Whitney, Hassler},
  journal={Transactions of the American Mathematical Society},
  volume={36},
  number={1},
  pages={63--89},
  year={1934},
  publisher={JSTOR}
}

@article{xu1982error,
  title={Error estimates of the finite element method for the 2nd order elliptic equations with discontinuous coefficients},
  author={Xu, Jinchao},
  journal={J. Xiangtan University},
  volume={1},
  pages={1--5},
  year={1982}
}

@article{cohen2020optimal,
  title={Optimal Stable Nonlinear Approximation},
  author={Cohen, Albert and Devore, Ronald and Petrova, Guergana and Wojtaszczyk, Przemyslaw},
  journal={arXiv preprint arXiv:2009.09907},
  year={2020}
}

@book{lorentz1996constructive,
  title={Constructive approximation: advanced problems},
  author={Lorentz, George G and Golitschek, Manfred v and Makovoz, Yuly},
  volume={304},
  year={1996},
  publisher={Springer}
}

@article{makovoz1998uniform,
  title={Uniform approximation by neural networks},
  author={Makovoz, Yuly},
  journal={Journal of Approximation Theory},
  volume={95},
  number={2},
  pages={215--228},
  year={1998},
  publisher={Elsevier}
}

@article{siegel2020high,
  title={High-Order Approximation Rates for Neural Networks with {ReLU$^k$} Activation Functions},
  author={Siegel, Jonathan W and Xu, Jinchao},
  journal={arXiv preprint arXiv:2012.07205},
  year={2020}
}

@article{bramble1970estimation,
  title={Estimation of linear functionals on Sobolev spaces with application to Fourier transforms and spline interpolation},
  author={Bramble, James H and Hilbert, SR},
  journal={SIAM Journal on Numerical Analysis},
  volume={7},
  number={1},
  pages={112--124},
  year={1970},
  publisher={SIAM}
}

@article{lorentz1966metric,
  title={Metric entropy and approximation},
  author={Lorentz, GG},
  journal={Bulletin of the American Mathematical Society},
  volume={72},
  number={6},
  pages={903--937},
  year={1966}
}

@article{carl1981entropy,
  title={Entropy numbers, s-numbers, and eigenvalue problems},
  author={Carl, Bernd},
  journal={Journal of Functional Analysis},
  volume={41},
  number={3},
  pages={290--306},
  year={1981},
  publisher={Academic Press}
}

@article{prokhorov1956convergence,
  title={Convergence of random processes and limit theorems in probability theory},
  author={Prokhorov, Yu V},
  journal={Theory of Probability \& Its Applications},
  volume={1},
  number={2},
  pages={157--214},
  year={1956},
  publisher={SIAM}
}

@article{hornik1989multilayer,
  title={Multilayer feedforward networks are universal approximators.},
  author={Hornik, Kurt and Stinchcombe, Maxwell and White, Halbert},
  journal={Neural networks},
  volume={2},
  number={5},
  pages={359--366},
  year={1989}
}

@book{evans2015measure,
  title={Measure theory and fine properties of functions},
  author={Evans, Lawrence Craig and Gariepy, Ronald F},
  year={2015},
  publisher={CRC press}
}

@inproceedings{ball1990entropy,
  title={The entropy of convex bodies with "few" extreme points},
  author={Ball, Keith and Pajor, Alain},
  booktitle={Proceedings of the 1989 Conference in Banach Spaces at Strob. Austria. Cambridge Univ. Press},
  year={1990}
}

@inproceedings{carl1985inequalities,
  title={Inequalities of {B}ernstein-{J}ackson-type and the degree of compactness of operators in Banach spaces},
  author={Carl, Bernd},
  booktitle={Annales de l'institut Fourier},
  volume={35},
  number={3},
  pages={79--118},
  year={1985}
}

@article{lecun2015deep,
  title={Deep learning},
  author={LeCun, Yann and Bengio, Yoshua and Hinton, Geoffrey},
  journal={Nature},
  volume={521},
  number={7553},
  pages={436--444},
  year={2015},
  publisher={Nature Publishing Group}
}

@article{lu2020deep,
  title={Deep network approximation for smooth functions},
  author={Lu, Jianfeng and Shen, Zuowei and Yang, Haizhao and Zhang, Shijun},
  journal={arXiv preprint arXiv:2001.03040},
  year={2020}
}

@article{opschoor2020deep,
  title={Deep ReLU networks and high-order finite element methods},
  author={Opschoor, Joost AA and Petersen, Philipp C and Schwab, Christoph},
  journal={Analysis and Applications},
  volume={18},
  number={05},
  pages={715--770},
  year={2020},
  publisher={World Scientific}
}

@article{yarotsky2019phase,
  title={The phase diagram of approximation rates for deep neural networks},
  author={Yarotsky, Dmitry and Zhevnerchuk, Anton},
  journal={arXiv preprint arXiv:1906.09477},
  year={2019}
}

@article{lu2021priori,
  title={A Priori Generalization Analysis of the Deep Ritz Method for Solving High Dimensional Elliptic Equations},
  author={Lu, Jianfeng and Lu, Yulong and Wang, Min},
  journal={arXiv preprint arXiv:2101.01708},
  year={2021}
}

@article{han2018solving,
  title={Solving high-dimensional partial differential equations using deep learning},
  author={Han, Jiequn and Jentzen, Arnulf and Weinan, E},
  journal={Proceedings of the National Academy of Sciences},
  volume={115},
  number={34},
  pages={8505--8510},
  year={2018},
  publisher={National Acad Sciences}
}

@article{li2020multipole,
  title={Multipole graph neural operator for parametric partial differential equations},
  author={Li, Zongyi and Kovachki, Nikola and Azizzadenesheli, Kamyar and Liu, Burigede and Bhattacharya, Kaushik and Stuart, Andrew and Anandkumar, Anima},
  journal={arXiv preprint arXiv:2006.09535},
  year={2020}
}

@article{raissi2018hidden,
  title={Hidden physics models: Machine learning of nonlinear partial differential equations},
  author={Raissi, Maziar and Karniadakis, George Em},
  journal={Journal of Computational Physics},
  volume={357},
  pages={125--141},
  year={2018},
  publisher={Elsevier}
}

@article{dudley1967sizes,
  title={The sizes of compact subsets of Hilbert space and continuity of Gaussian processes},
  author={Dudley, Richard M},
  journal={Journal of Functional Analysis},
  volume={1},
  number={3},
  pages={290--330},
  year={1967},
  publisher={Elsevier}
}

@inproceedings{kolmogorov1958linear,
  title={On linear dimensionality of topological vector spaces},
  author={Kolmogorov, Andrei Nikolaevich},
  booktitle={Doklady Akademii Nauk},
  volume={120},
  number={2},
  pages={239--241},
  year={1958},
  organization={Russian Academy of Sciences}
}

@article{luo2020two,
  title={Two-layer neural networks for partial differential equations: Optimization and generalization theory},
  author={Luo, Tao and Yang, Haizhao},
  journal={arXiv preprint arXiv:2006.15733},
  year={2020}
}

@article{devore2020neural,
  title={Neural Network Approximation},
  author={DeVore, Ronald and Hanin, Boris and Petrova, Guergana},
  journal={arXiv preprint arXiv:2012.14501},
  year={2020}
}

@book{pisier1999volume,
  title={The volume of convex bodies and Banach space geometry},
  author={Pisier, Gilles},
  volume={94},
  year={1999},
  publisher={Cambridge University Press}
}

@book{dudley2018real,
  title={Real analysis and probability},
  author={Dudley, Richard M},
  year={2018},
  publisher={CRC Press}
}


@article{wilkinson1963method,
  title={A method of generating functions of several variables using analog diode logic},
  author={Wilkinson, Robert Haydn},
  journal={IEEE Transactions on Electronic Computers},
  number={2},
  pages={112--129},
  year={1963},
  publisher={IEEE}
}

@article{he2018ReLU,
  title={ReLU deep neural networks and linear finite elements},
  author={He, Juncai and Li, Lin and Xu, Jinchao and Zheng, Chunyue},
  journal={arXiv preprint arXiv:1807.03973},
  year={2018}
}

@article{wang2005generalization,
  title={Generalization of hinging hyperplanes},
  author={Wang, Shuning and Sun, Xusheng},
  journal={IEEE Transactions on Information Theory},
  volume={51},
  number={12},
  pages={4425--4431},
  year={2005},
  publisher={IEEE}
}

@article{tarela1999region,
  title={Region configurations for realizability of lattice piecewise-linear models},
  author={Tarela, JM and Martinez, MV},
  journal={Mathematical and Computer Modelling},
  volume={30},
  number={11-12},
  pages={17--27},
  year={1999},
  publisher={Elsevier}
}

@misc{hammer1962adaptive,
  title={Adaptive Control Processes: A Guided Tour (R. Bellman)},
  author={Hammer, PC},
  year={1962},
  publisher={Society for Industrial and Applied Mathematics}
}

@article{shen2010efficient,
  title={Efficient spectral sparse grid methods and applications to high-dimensional elliptic problems},
  author={Shen, Jie and Yu, Haijun},
  journal={SIAM Journal on Scientific Computing},
  volume={32},
  number={6},
  pages={3228--3250},
  year={2010},
  publisher={SIAM}
}

@article{shen2012efficient,
  title={Efficient spectral sparse grid methods and applications to high-dimensional elliptic equations II. Unbounded domains},
  author={Shen, Jie and Yu, Haijun},
  journal={SIAM Journal on Scientific Computing},
  volume={34},
  number={2},
  pages={A1141--A1164},
  year={2012},
  publisher={SIAM}
}

@article{barthelmann2000high,
  title={High dimensional polynomial interpolation on sparse grids},
  author={Barthelmann, Volker and Novak, Erich and Ritter, Klaus},
  journal={Advances in Computational Mathematics},
  volume={12},
  number={4},
  pages={273--288},
  year={2000},
  publisher={Springer}
}

@article{zenger1990sparse,
  title={Sparse grids},
  author={Zenger, Christoph},
  year={1990},
  publisher={Technische Universit{\"a}t}
}

@article{bungartz2004sparse,
  title={Sparse grids},
  author={Bungartz, Hans-Joachim and Griebel, Michael},
  journal={Acta numerica},
  volume={13},
  number={1},
  pages={147--269},
  year={2004},
  publisher={Citeseer}
}

@inproceedings{gupta2015deep,
  title={Deep learning with limited numerical precision},
  author={Gupta, Suyog and Agrawal, Ankur and Gopalakrishnan, Kailash and Narayanan, Pritish},
  booktitle={International Conference on Machine Learning},
  pages={1737--1746},
  year={2015}
}


@book{nielsen2015neural,
  title={Neural networks and deep learning},
  author={Nielsen, Michael A},
  volume={2018},
  year={2015},
  publisher={Determination press San Francisco, CA}
}

@article{schmidhuber2015deep,
  title={Deep learning in neural networks: An overview},
  author={Schmidhuber, J{\"u}rgen},
  journal={Neural networks},
  volume={61},
  pages={85--117},
  year={2015},
  publisher={Elsevier}
}

@inproceedings{le2011optimization,
  title={On optimization methods for deep learning},
  author={Le, Quoc V and Ngiam, Jiquan and Coates, Adam and Lahiri, Ahbik and Prochnow, Bobby and Ng, Andrew Y},
  booktitle={ICML},
  year={2011}
}

 
@inproceedings{ngiam2011multimodal,
  title={Multimodal deep learning},
  author={Ngiam, Jiquan and Khosla, Aditya and Kim, Mingyu and Nam, Juhan and Lee, Honglak and Ng, Andrew Y},
  booktitle={ICML},
  year={2011}
}

@article{deng2014deep,
  title={Deep learning: methods and applications},
  author={Deng, Li and Yu, Dong},
  journal={Foundations and trends in signal processing},
  volume={7},
  number={3--4},
  pages={197--387},
  year={2014},
  publisher={Now Publishers Inc. Hanover, MA, USA}
}


@article{lecun2015deep,
  title={Deep learning},
  author={LeCun, Yann and Bengio, Yoshua and Hinton, Geoffrey},
  journal={nature},
  volume={521},
  number={7553},
  pages={436--444},
  year={2015},
  publisher={Nature Publishing Group}
}

@book{goodfellow2016deep,
  title={Deep learning},
  author={Goodfellow, Ian and Bengio, Yoshua and Courville, Aaron and Bengio, Yoshua},
  volume={1},
  number={2},
  year={2016},
  publisher={MIT press Cambridge}
}

@article{johnson2015saddle,
  title={Saddle-point integration of $C^\infty$ "bump" functions},
  author={Johnson, Steven G},
  journal={Manuscript. Available at http://math. mit. edu/\~{} stevenj/bump-saddle. pdf},
  year={2015},
  publisher={Citeseer}
}

@article{pearl1920rate,
  title={On the rate of growth of the population of the United States since 1790 and its mathematical representation},
  author={Pearl, Raymond and Reed, Lowell J},
  journal={Proceedings of the National Academy of Sciences of the United States of America},
  volume={6},
  number={6},
  pages={275},
  year={1920},
  publisher={National Academy of Sciences}
}

@book{gelman2006data,
  title={Data analysis using regression and multilevel/hierarchical models},
  author={Gelman, Andrew and Hill, Jennifer},
  year={2006},
  publisher={Cambridge university press}
}

@book{murphy2012machine,
  title={Machine learning: a probabilistic perspective},
  author={Murphy, Kevin P},
  year={2012},
  publisher={MIT press}
}

@book{kullback1997information,
  title={Information theory and statistics},
  author={Kullback, Solomon},
  year={1997},
  publisher={Courier Corporation}
}


@article{kullback1951information,
  title={On information and sufficiency},
  author={Kullback, Solomon and Leibler, Richard A},
  journal={The annals of mathematical statistics},
  volume={22},
  number={1},
  pages={79--86},
  year={1951},
  publisher={JSTOR}
}

@book{cristianini2000introduction,
  title={An introduction to support vector machines and other kernel-based learning methods},
  author={Cristianini, Nello and Shawe-Taylor, John and others},
  year={2000},
  publisher={Cambridge university press}
}

@article{cortes1995support,
  title={Support-vector networks},
  author={Cortes, Corinna and Vapnik, Vladimir},
  journal={Machine learning},
  volume={20},
  number={3},
  pages={273--297},
  year={1995},
  publisher={Springer}
}

@article{ben2001support,
  title={Support vector clustering},
  author={Ben-Hur, Asa and Horn, David and Siegelmann, Hava T and Vapnik, Vladimir},
  journal={Journal of machine learning research},
  volume={2},
  number={Dec},
  pages={125--137},
  year={2001}
}

@inproceedings{drucker1997support,
  title={Support vector regression machines},
  author={Drucker, Harris and Burges, Christopher JC and Kaufman, Linda and Smola, Alex J and Vapnik, Vladimir},
  booktitle={Advances in neural information processing systems},
  pages={155--161},
  year={1997}
}



@unpublished{Xu.J2015a,
	Author = {Xu, Jinchao},
	Date-Added = {2015-04-24 17:11:47 +0000},
	Date-Modified = {2020-05-19 20:01:27 +0000},
	Note = {Lecture notes},
	Title = {Finite element methods},
	Year = {2020}}

@article{scott1990finite,
  title={Finite element interpolation of nonsmooth functions satisfying boundary conditions},
  author={Scott, L Ridgway and Zhang, Shangyou},
  journal={Mathematics of Computation},
  volume={54},
  number={190},
  pages={483--493},
  year={1990}
}

@article{chen2007optimal,
  title={Optimal anisotropic meshes for minimizing interpolation errors in $L^p$-norm},
  author={Chen, Long and Sun, Pengtao and Xu, Jinchao},
  journal={Mathematics of Computation},
  volume={76},
  number={257},
  pages={179--204},
  year={2007}
}

@article{kmeansplus,
	Author = {David Arthur and Sergei Vassilvitskii},
	Date-Added = {2019-05-12 00:59:29 +0000},
	Date-Modified = {2019-05-12 00:59:46 +0000},
	Title = {k-means++: The Advantages of Careful Seeding}}

@article{ref01,
	Author = {Shokri Z. Selim and M. A. Ismail},
	Date-Added = {2019-05-10 01:07:13 +0000},
	Date-Modified = {2019-05-10 01:07:13 +0000},
	Journal = {IEEE TRANSACTIONS ON PATTFRN ANALYSIS AND MACHINE INTELLIGENCE, VOL. PAMI-6, NO. 1},
	Title = {K-Means-Type Algorithms: A Generalized Convergence Theorem and Characterization of Local Optimality},
	Year = {JANUARY 1984}}

@article{knn,
	Author = {Cover, T. M.},
	Date-Added = {2019-05-10 00:32:08 +0000},
	Date-Modified = {2019-05-10 00:32:56 +0000},
	Journal = {In Proceed-ings of the Hawaii International Conference on System Sciences},
	Pages = {413--415},
	Title = {Rates of convergence for nearest neighbor procedures},
	Year = {1968}}

@book{de1978practical,
	Author = {De Boor, Carl and De Boor, Carl and Math{\'e}maticien, Etats-Unis and De Boor, Carl and De Boor, Carl},
	Publisher = {Springer-Verlag New York},
	Title = {A practical guide to splines},
	Volume = {27},
	Year = {1978}}

@article{yarotsky2017error,
	Author = {Yarotsky, Dmitry},
	Journal = {Neural Networks},
	Pages = {103--114},
	Publisher = {Elsevier},
	Title = {Error bounds for approximations with deep ReLU networks},
	Volume = {94},
	Year = {2017}}

@article{wang2018exponential,
	Author = {Wang, Qingcan and E, Weinan},
	Journal = {arXiv preprint arXiv:1807.00297},
	Title = {Exponential Convergence of the Deep Neural Network Approximation for Analytic Functions},
	Year = {2018}}

@article{liang2016why,
	Archiveprefix = {arXiv},
	Author = {Shiyu Liang and R. Srikant},
	Eprint = {1610.04161},
	Journal = {CoRR},
	Timestamp = {Wed, 07 Jun 2017 14:41:47 +0200},
	Title = {Why Deep Neural Networks?},
	Url = {http://arxiv.org/abs/1610.04161},
	Volume = {abs/1610.04161},
	Year = {2016},
	Bdsk-Url-1 = {http://arxiv.org/abs/1610.04161}}

@article{barron1993universal,
	Author = {Barron, Andrew R},
	Journal = {IEEE Transactions on Information theory},
	Number = {3},
	Pages = {930--945},
	Publisher = {IEEE},
	Title = {Universal approximation bounds for superpositions of a sigmoidal function},
	Volume = {39},
	Year = {1993}}

@article{jones1992simple,
	Author = {Jones, Lee K and others},
	Journal = {The annals of Statistics},
	Number = {1},
	Pages = {608--613},
	Publisher = {Institute of Mathematical Statistics},
	Title = {A simple lemma on greedy approximation in Hilbert space and convergence rates for projection pursuit regression and neural network training},
	Volume = {20},
	Year = {1992}}

@inproceedings{lu2017expressive,
	Author = {Lu, Zhou and Pu, Hongming and Wang, Feicheng and Hu, Zhiqiang and Wang, Liwei},
	Booktitle = {Advances in Neural Information Processing Systems},
	Pages = {6231--6239},
	Title = {The expressive power of neural networks: A view from the width},
	Year = {2017}}

@inproceedings{shamir2016without,
	Author = {Shamir, Ohad},
	Booktitle = {Advances in Neural Information Processing Systems},
	Pages = {46--54},
	Title = {Without-replacement sampling for stochastic gradient methods},
	Year = {2016}}

@article{leshno1993multilayer,
	Author = {Leshno, Moshe and Lin, Vladimir Ya and Pinkus, Allan and Schocken, Shimon},
	Journal = {Neural networks},
	Number = {6},
	Pages = {861--867},
	Publisher = {Elsevier},
	Title = {Multilayer feedforward networks with a nonpolynomial activation function can approximate any function},
	Volume = {6},
	Year = {1993}}

@article{pinkus1999approximation,
	Author = {Pinkus, Allan},
	Journal = {Acta numerica},
	Pages = {143--195},
	Publisher = {Cambridge University Press},
	Title = {Approximation theory of the MLP model in neural networks},
	Volume = {8},
	Year = {1999}}

@article{yoshida2017spectral,
	Author = {Yoshida, Yuichi and Miyato, Takeru},
	Journal = {arXiv preprint arXiv:1705.10941},
	Title = {Spectral norm regularization for improving the generalizability of deep learning},
	Year = {2017}}

@inproceedings{ioffe2015batch,
	Author = {Ioffe, Sergey and Szegedy, Christian},
	Booktitle = {International conference on machine learning},
	Pages = {448--456},
	Title = {Batch normalization: Accelerating deep network training by reducing internal covariate shift},
	Year = {2015}}

@inproceedings{luo2018cosine,
	Author = {Luo, Chunjie and Zhan, Jianfeng and Xue, Xiaohe and Wang, Lei and Ren, Rui and Yang, Qiang},
	Booktitle = {International Conference on Artificial Neural Networks},
	Organization = {Springer},
	Pages = {382--391},
	Title = {Cosine normalization: Using cosine similarity instead of dot product in neural networks},
	Year = {2018}}

@inproceedings{salimans2016weight,
	Author = {Salimans, Tim and Kingma, Durk P},
	Booktitle = {Advances in Neural Information Processing Systems},
	Pages = {901--909},
	Title = {Weight normalization: A simple reparameterization to accelerate training of deep neural networks},
	Year = {2016}}

@article{ba2016layer,
	Author = {Ba, Jimmy Lei and Kiros, Jamie Ryan and Hinton, Geoffrey E},
	Journal = {arXiv preprint arXiv:1607.06450},
	Title = {Layer normalization},
	Year = {2016}}

@article{miyato2018spectral,
	Author = {Miyato, Takeru and Kataoka, Toshiki and Koyama, Masanori and Yoshida, Yuichi},
	Journal = {arXiv preprint arXiv:1802.05957},
	Title = {Spectral normalization for generative adversarial networks},
	Year = {2018}}

@inproceedings{wu2018group,
	Author = {Wu, Yuxin and He, Kaiming},
	Booktitle = {Proceedings of the European Conference on Computer Vision (ECCV)},
	Pages = {3--19},
	Title = {Group normalization},
	Year = {2018}}

@article{ulyanov2016instance,
	Author = {Ulyanov, Dmitry and Vedaldi, Andrea and Lempitsky, Victor},
	Journal = {arXiv preprint arXiv:1607.08022},
	Title = {Instance normalization: The missing ingredient for fast stylization},
	Year = {2016}}

@article{lecun1998neural,
	Author = {LeCun, Yann and Bottou, Leon and Orr, Genevieve B and M{\"u}ller, Klaus-Robert and others},
	Journal = {Springer Lecture Notes in Computer Sciences},
	Number = {5-50},
	Pages = {6},
	Title = {Neural networks: Tricks of the trade},
	Volume = {1524},
	Year = {1998}}

@inproceedings{wiesler2011convergence,
	Author = {Wiesler, Simon and Ney, Hermann},
	Booktitle = {Advances in Neural Information Processing Systems},
	Pages = {657--665},
	Title = {A convergence analysis of log-linear training},
	Year = {2011}}
	
@inproceedings{glorot2010understanding,
	title={Understanding the difficulty of training deep feedforward neural networks},
	author={Glorot, Xavier and Bengio, Yoshua},
	booktitle={Proceedings of the thirteenth international conference on artificial intelligence and statistics},
	pages={249--256},
	year={2010}
}

@inproceedings{he2015delving,
	title={Delving deep into rectifiers: Surpassing human-level performance on imagenet classification},
	author={He, Kaiming and Zhang, Xiangyu and Ren, Shaoqing and Sun, Jian},
	booktitle={Proceedings of the IEEE international conference on computer vision},
	pages={1026--1034},
	year={2015}
}
	
@article{xiao2010dual,
  title={Dual averaging methods for regularized stochastic learning and online optimization},
  author={Xiao, Lin},
  journal={Journal of Machine Learning Research},
  volume={11},
  number={Oct},
  pages={2543--2596},
  year={2010}
}

@article{siegel2019extended,
    title={Extended Regularized Dual Averaging},
    author={Jonathan W. Siegel and Jinchao Xu},
    year={2019},
    eprint={1904.02316},
    archivePrefix={arXiv},
    primaryClass={math.OC}
}

@article{jia2018irda,
  title={iRDA Method for Sparse Convolutional Neural Networks},
  author={Jia, Xiaodong and Zhao, Liang and Zhang, Lian and He, Juncai and Xu, Jinchao},
  year={2018}
}

@article{he2018make,
  title={Make $\ell_1 $ Regularization Effective in Training Sparse CNN},
  author={He, Juncai and Jia, Xiaodong and Xu, Jinchao and Zhang, Lian and Zhao, Liang},
  journal={arXiv},
  pages={arXiv--1807},
  year={2018}
}

@article{yin2018binaryrelax,
  title={Binaryrelax: A relaxation approach for training deep neural networks with quantized weights},
  author={Yin, Penghang and Zhang, Shuai and Lyu, Jiancheng and Osher, Stanley and Qi, Yingyong and Xin, Jack},
  journal={SIAM Journal on Imaging Sciences},
  volume={11},
  number={4},
  pages={2205--2223},
  year={2018},
  publisher={SIAM}
}

@inproceedings{courbariaux2015binaryconnect,
  title={Binaryconnect: Training deep neural networks with binary weights during propagations},
  author={Courbariaux, Matthieu and Bengio, Yoshua and David, Jean-Pierre},
  booktitle={Advances in neural information processing systems},
  pages={3123--3131},
  year={2015}
}

@article{donoho2006compressed,
  title={Compressed sensing},
  author={Donoho, David L},
  journal={IEEE Transactions on information theory},
  volume={52},
  number={4},
  pages={1289--1306},
  year={2006},
  publisher={IEEE}
}


@article{xiao2010dual,
  title={Dual averaging methods for regularized stochastic learning and online optimization},
  author={Xiao, Lin},
  journal={Journal of Machine Learning Research},
  volume={11},
  number={Oct},
  pages={2543--2596},
  year={2010}
}

@article{siegel2019extended,
    title={Extended Regularized Dual Averaging},
    author={Jonathan W. Siegel and Jinchao Xu},
    year={2019},
    eprint={1904.02316},
    archivePrefix={arXiv},
    primaryClass={math.OC}
}

@article{jia2018irda,
  title={iRDA Method for Sparse Convolutional Neural Networks},
  author={Jia, Xiaodong and Zhao, Liang and Zhang, Lian and He, Juncai and Xu, Jinchao},
  year={2018}
}

@article{he2018make,
  title={Make $\ell_1 $ Regularization Effective in Training Sparse CNN},
  author={He, Juncai and Jia, Xiaodong and Xu, Jinchao and Zhang, Lian and Zhao, Liang},
  journal={arXiv},
  pages={arXiv--1807},
  year={2018}
}

@article{yin2018binaryrelax,
  title={Binaryrelax: A relaxation approach for training deep neural networks with quantized weights},
  author={Yin, Penghang and Zhang, Shuai and Lyu, Jiancheng and Osher, Stanley and Qi, Yingyong and Xin, Jack},
  journal={SIAM Journal on Imaging Sciences},
  volume={11},
  number={4},
  pages={2205--2223},
  year={2018},
  publisher={SIAM}
}

@inproceedings{courbariaux2015binaryconnect,
  title={Binaryconnect: Training deep neural networks with binary weights during propagations},
  author={Courbariaux, Matthieu and Bengio, Yoshua and David, Jean-Pierre},
  booktitle={Advances in neural information processing systems},
  pages={3123--3131},
  year={2015}
}

@article{donoho2006compressed,
  title={Compressed sensing},
  author={Donoho, David L},
  journal={IEEE Transactions on information theory},
  volume={52},
  number={4},
  pages={1289--1306},
  year={2006},
  publisher={IEEE}
}


@article{stone1948generalized,
	title={The generalized Weierstrass approximation theorem},
	author={Stone, Marshall H},
	journal={Mathematics Magazine},
	volume={21},
	number={5},
	pages={237--254},
	year={1948},
	publisher={JSTOR}
}


@book{strichartz2003guide,
	title={A guide to distribution theory and Fourier transforms},
	author={Strichartz, Robert S},
	year={2003},
	publisher={World Scientific Publishing Company}
}


@article{lecun1998mnist,
	title={The MNIST database of handwritten digits},
	author={LeCun, Yann},
	journal={http://yann. lecun. com/exdb/mnist/},
	year={1998}
}

@article{krizhevsky2009learning,
	title={Learning multiple layers of features from tiny images},
	author={Krizhevsky, Alex and Hinton, Geoffrey and others},
	year={2009},
	publisher={Citeseer}
}

@inproceedings{deng2009imagenet,
	title={Imagenet: A large-scale hierarchical image database},
	author={Deng, Jia and Dong, Wei and Socher, Richard and Li, Li-Jia and Li, Kai and Fei-Fei, Li},
	booktitle={2009 IEEE conference on computer vision and pattern recognition},
	pages={248--255},
	year={2009},
	organization={Ieee}
}


@incollection{rosset2004margin,
	title = {Margin Maximizing Loss Functions},
	author = {Rosset, Saharon and Zhu, Ji and Trevor J. Hastie},
	booktitle = {Advances in Neural Information Processing Systems 16},
	editor = {S. Thrun and L. K. Saul and B. Sch\"{o}lkopf},
	pages = {1237--1244},
	year = {2004},
	publisher = {MIT Press},
	url = {http://papers.nips.cc/paper/2433-margin-maximizing-loss-functions.pdf}
}