%% Subspace Correction


@article{chen2007optimal,
  title={Optimal anisotropic meshes for minimizing interpolation errors in ùêø\^{}$\{$ùëù$\}$-norm},
  author={Chen, Long and Sun, Pengtao and Xu, Jinchao},
  journal={Mathematics of Computation},
  volume={76},
  number={257},
  pages={179--204},
  year={2007}
}

@article{cui2017error,
	title={An error-resilient redundant subspace correction method},
	author={Cui, Tao and Xu, Jinchao and Zhang, Chen-Song},
	journal={Computing and Visualization in Science},
	volume={18},
	number={2-3},
	pages={65--77},
	year={2017},
	publisher={Springer}
}

@article{hong2016robust,
	title={{A robust multigrid method for discontinuous Galerkin
			discretizations of Stokes and linear elasticity equations}},
	author={Hong, Qingguo and Kraus, Johannes and Xu, Jinchao and
		Zikatanov, Ludmil},
	journal={Numerische Mathematik},
	volume={132},
	number={1},
	pages={23--49},
	year={2016},
	publisher={Springer}
}

@article{zheng2016fast,
	title={Fast multilevel solvers for a class of discrete fourth order
		parabolic problems},
	author={Zheng, Bin and Chen, Luoping and Hu, Xiaozhe and Chen, Long
		and Nochetto, Ricardo H and Xu, Jinchao},
	journal={Journal of Scientific Computing},
	volume={69},
	number={1},
	pages={201--226},
	year={2016},
	publisher={Springer}
}

@article{chen2015multigrid,
	title={{A multigrid solver based on distributive smoother and
			residual overweighting for Oseen problems}},
	author={Chen, Long and Hu, Xiaozhe and Wang, Ming and Xu, Jinchao},
	journal={Numerical Mathematics: Theory, Methods and Applications},
	volume={8},
	number={2},
	pages={237--252},
	year={2015},
	publisher={Cambridge University Press}
}

@article{zhang2014optimal,
	title={{Optimal solvers for fourth-order PDEs discretized on
			unstructured grids}},
	author={Zhang, Shuo and Xu, Jinchao},
	journal={SIAM Journal on Numerical Analysis},
	volume={52},
	number={1},
	pages={282--307},
	year={2014},
	publisher={SIAM}
}

@article{feng2014numerical,
	title={{Numerical study of geometric multigrid methods on CPU-GPU
			heterogeneous computers}},
	author={Feng, Chunsheng and Shu, Shi and Xu, Jinchao and Zhang,
		Chen-Song},
	journal={Advances in Applied Mathematics and Mechanics},
	volume={6},
	number={1},
	pages={1--23},
	year={2014},
	publisher={Cambridge University Press}
}

@article{de2014simple,
	title={{A simple preconditioner for a discontinuous Galerkin method
			for the Stokes problem}},
	author={De Dios, Blanca Ayuso and Brezzi, Franco and Marini, L
		Donatella and Xu, Jinchao and Zikatanov, Ludmil},
	journal={Journal of Scientific Computing},
	volume={58},
	number={3},
	pages={517--547},
	year={2014},
	publisher={Springer}
}

@article{hu2013comparative,
	title={{Comparative convergence analysis of nonlinear AMLI-cycle
			multigrid}},
	author={Hu, Xiaozhe and Vassilevski, Panayot S and Xu, Jinchao},
	journal={SIAM Journal on Numerical Analysis},
	volume={51},
	number={2},
	pages={1349--1369},
	year={2013},
	publisher={SIAM}
}

@article{wu2012convergence,
	title={{Convergence analysis of V-cycle multigrid methods for
			anisotropic elliptic equations}},
	author={Wu, Yongke and Chen, Long and Xie, Xiaoping and Xu,
		Jinchao},
	journal={IMA Journal of Numerical Analysis},
	volume={32},
	number={4},
	pages={1329--1347},
	year={2012},
	publisher={Oxford University Press}
}

@article{chen2012optimal,
	title={Optimal multilevel methods for graded bisection grids},
	author={Chen, Long and Nochetto, Ricardo H and Xu, Jinchao},
	journal={Numerische Mathematik},
	volume={120},
	number={1},
	pages={1--34},
	year={2012},
	publisher={Springer}
}

@article{cho2008new,
	title={New estimates for the rate of convergence of the method of
		subspace corrections},
	author={Cho, Durkbin and Xu, Jinchao and Zikatanov, Ludmil},
	journal={Numer. Math. Theor. Meth. Appl},
	volume={1},
	pages={44--56},
	year={2008}
}

@article{lee2008sharp,
	title={A sharp convergence estimate for the method of subspace
		corrections for singular systems of equations},
	author={Lee, Young-Ju and Wu, Jinbiao and Xu, Jinchao and Zikatanov,
		Ludmil},
	journal={Mathematics of Computation},
	volume={77},
	number={262},
	pages={831--850},
	year={2008}
}

@article{wu2008convergence,
	title={Convergence analysis on iterative methods for semidefinite
		systems},
	author={Wu, Jinbiao and Lee, Young-Ju and Xu, Jinchao and Zikatanov,
		Ludmil},
	journal={Journal of Computational Mathematics},
	pages={797--815},
	year={2008},
	publisher={JSTOR}
}

@article{lee2007robust,
	title={Robust subspace correction methods for nearly singular
		systems},
	author={Lee, Young-Ju and Wu, Jinbiao and Xu, Jinchao and Zikatanov,
		Ludmil},
	journal={Mathematical Models and Methods in Applied Sciences},
	volume={17},
	number={11},
	pages={1937--1963},
	year={2007},
	publisher={World Scientific}
}

@article{lee2006convergence,
	title={On the convergence of iterative methods for semidefinite
		linear systems},
	author={Lee, Young-Ju and Wu, Jinbiao and Xu, Jinchao and Zikatanov,
		Ludmil},
	journal={SIAM journal on matrix analysis and applications},
	volume={28},
	number={3},
	pages={634--641},
	year={2006},
	publisher={SIAM}
}

@article{lee2003successive,
	title={Successive subspace correction method for singular system
		of equations},
	author={Lee, Young-Ju and Xu, Jinchao and Zikatanov, Ludmil},
	journal={Domain Decomposition Methods in Science and Engineering},
	pages={315},
	year={2003}
}

@article{xu2002method,
	title={{The method of alternating projections and the method of
			subspace corrections in Hilbert space}},
	author={Xu, Jinchao and Zikatanov, Ludmil},
	journal={Journal of the American Mathematical Society},
	volume={15},
	number={3},
	pages={573--597},
	year={2002}
}

@article{tai2002global,
	title={Global and uniform convergence of subspace correction methods
		for some convex optimization problems},
	author={Tai, Xue-Cheng and Xu, Jinchao},
	journal={Mathematics of Computation},
	volume={71},
	number={237},
	pages={105--124},
	year={2002}
}

@article{xu1998some,
	title={Some nonoverlapping domain decomposition methods},
	author={Xu, Jinchao and Zou, Jun},
	journal={SIAM {R}eview},
	volume={40},
	number={4},
	pages={857--914},
	year={1998},
	publisher={SIAM}
}

@article{xu1997preconditioning,
	title={{Preconditioning the Poincar{\'e}-Steklov operator by using
			Green's function}},
	author={Xu, Jinchao and Zhang, Sheng},
	journal={Mathematics of computation},
	volume={66},
	number={217},
	pages={125--138},
	year={1997}
}

@article{xu1994some,
	title={Some remarks on a multigrid preconditioner},
	author={Xu, Jinchao and Qin, Jinshui},
	journal={SIAM Journal on Scientific Computing},
	volume={15},
	number={1},
	pages={172--184},
	year={1994},
	publisher={SIAM}
}

@article{xu1992iterative,
	title={Iterative methods by space decomposition and subspace
		correction},
	author={Xu, Jinchao},
	journal={SIAM {R}eview},
	volume={34},
	number={4},
	pages={581--613},
	year={1992},
	publisher={SIAM}
}

@article{xu1992preconditioned,
	title={{A preconditioned GMRES method for nonsymmetric or indefinite
			problems}},
	author={Xu, Jinchao and Cai, Xiao-Chuan},
	journal={Mathematics of computation},
	volume={59},
	number={200},
	pages={311--319},
	year={1992}
}

@article{bramble1991convergence,
	title={Convergence estimates for multigrid algorithms without
		regularity assumptions},
	author={Bramble, James H and Pasciak, Joseph E and Wang, Jun Ping
		and Xu, Jinchao},
	journal={Mathematics of Computation},
	volume={57},
	number={195},
	pages={23--45},
	year={1991}
}

@article{bramble1991convergence,
	title={Convergence estimates for product iterative methods with
		applications to domain decomposition},
	author={Bramble, James H and Pasciak, Joseph E and Wang, Jun Ping
		and Xu, Jinchao},
	journal={Mathematics of Computation},
	volume={57},
	number={195},
	pages={1--21},
	year={1991}
}

@article{bramble1991analysis,
	title={The analysis of multigrid algorithms with nonnested spaces or
		noninherited quadratic forms},
	author={Bramble, James H and Pasciak, Joseph E and Xu, Jinchao},
	journal={Mathematics of Computation},
	volume={56},
	number={193},
	pages={1--34},
	year={1991}
}

@article{bramble1990parallel,
	title={Parallel multilevel preconditioners},
	author={Bramble, James H and Pasciak, Joseph E and Xu, Jinchao},
	journal={Mathematics of Computation},
	volume={55},
	number={191},
	pages={1--22},
	year={1990}
}

@article{bramble1988analysis,
	title={The analysis of multigrid algorithms for nonsymmetric and
		indefinite elliptic problems},
	author={Bramble, James H and Pasciak, Joseph E and Xu, Jinchao},
	journal={Mathematics of Computation},
	volume={51},
	number={184},
	pages={389--414},
	year={1988}
}


%% Auxiliary space preconditioning
@article{grasedyck2016nearly,
	title={A nearly optimal multigrid method for general unstructured grids},
	author={Grasedyck, Lars and Wang, Lu and Xu, Jinchao},
	journal={Numerische Mathematik},
	volume={134},
	number={3},
	pages={637--666},
	year={2016},
	publisher={Springer}
}

@article{kolev2016multilevel,
	title={Multilevel preconditioners for reaction-diffusion problems with discontinuous coefficients},
	author={Kolev, Tzanio V and Xu, Jinchao and Zhu, Yunrong},
	journal={Journal of Scientific Computing},
	volume={67},
	number={1},
	pages={324--350},
	year={2016},
	publisher={Springer}
}

@article{chen2012local,
	title={Local multilevel preconditioners for elliptic equations with jump coefficients on bisection grids},
	author={Chen, Long and Holst, Michael and Xu, Jinchao and Zhu, Yunrong},
	journal={Computing and Visualization in Science},
	volume={15},
	number={5},
	pages={271--289},
	year={2012},
	publisher={Springer}
}

@inproceedings{xu2010fast,
	title={{Fast Poisson-based solvers for linear and nonlinear PDEs}},
	author={Xu, Jinchao},
	booktitle={Proceedings of the International Congress of Mathematicians 2010 (ICM 2010) (In 4 Volumes)},
	pages={2886--2912},
	year={2010}
}

@incollection{tuminaro2009auxiliary,
	title={Auxiliary space preconditioners for mixed finite element methods},
	author={Tuminaro, Ray S and Xu, Jinchao and Zhu, Yunrong},
	booktitle={Domain decomposition methods in science and engineering XVIII},
	pages={99--109},
	year={2009},
	publisher={Springer}
}

@inproceedings{xu2009optimal,
	title={Optimal algorithms for discretized partial differential equations},
	author={Xu, Jinchao},
	booktitle={ICIAM 07--6th International Congress on Industrial and Applied Mathematics},
	pages={409--444},
	year={2009}
}

@article{hiptmair2008auxiliary,
	title={Auxiliary space preconditioning for edge elements},
	author={Hiptmair, Ralf and Xu, Jinchao},
	journal={IEEE Transactions on Magnetics},
	volume={44},
	number={6},
	pages={938--941},
	year={2008},
	publisher={IEEE}
}

@article{hiptmair2007nodal,
	title={{Nodal auxiliary space preconditioning in H (curl) and H (div) spaces}},
	author={Hiptmair, Ralf and Xu, Jinchao},
	journal={SIAM Journal on Numerical Analysis},
	volume={45},
	number={6},
	pages={2483--2509},
	year={2007},
	publisher={SIAM}
}

@article{xu1996auxiliary,
	title={The auxiliary space method and optimal multigrid preconditioning techniques for unstructured grids},
	author={Xu, Jinchao},
	journal={Computing},
	volume={56},
	number={3},
	pages={215--235},
	year={1996},
	publisher={Springer}
}

%% MG&AMG 
@article{xu2017weyl,
	title={{On the Weyl's law for discretized elliptic operators}},
	author={Xu, Jinchao and Zhang, Hongxuan and Zikatanov, Ludmil},
	journal={arXiv preprint arXiv:1705.07803},
	year={2017}
}

@article{xu2017unified,
	title={{A unified approach to the design and analysis of AMG}},
	author={Xu, Jinchao and Zhang, Hongxuan and Zikatanov, Ludmil},
	journal={arXiv preprint arXiv:1705.07806},
	year={2017}
}


@article{xu2017algebraic,
	title={Algebraic multigrid methods},
	author={Xu, Jinchao and Zikatanov, Ludmil},
	journal={Acta Numerica},
	volume={26},
	pages={591--721},
	year={2017},
	publisher={Cambridge University Press}
}

@article{hu2016two,
	title={{A two-grid SA-AMG convergence bound that improves when increasing the polynomial degree}},
	author={Hu, Xiaozhe and Vassilevski, Panayot S and Xu, Jinchao},
	journal={Numerical Linear Algebra with Applications},
	volume={23},
	number={4},
	pages={746--771},
	year={2016},
	publisher={Wiley Online Library}
}

@article{wang2013parallel,
	title={A parallel auxiliary grid algebraic multigrid method for graphic processing units},
	author={Wang, Lu and Hu, Xiaozhe and Cohen, Jonathan and Xu, Jinchao},
	journal={SIAM Journal on Scientific Computing},
	volume={35},
	number={3},
	pages={C263--C283},
	year={2013},
	publisher={SIAM}
}

@article{shu2006algebraic,
	title={An algebraic multigrid method for higher-order finite element discretizations},
	author={Shu, Shi and Sun, D and Xu, J},
	journal={Computing},
	volume={77},
	number={4},
	pages={347--377},
	year={2006},
	publisher={Springer}
}

@article{shu2006algebraic,
	title={An algebraic multigrid method for finite element systems on criss-cross grids},
	author={Shu, Shi and Xu, Jinchao and Yang, Ying and Yu, Haiyuan},
	journal={Advances in Computational Mathematics},
	volume={25},
	number={1},
	pages={287--304},
	year={2006},
	publisher={Springer}
}

@inproceedings{brannick2006extending,
	title={Extending the applicability of multigrid methods},
	author={Brannick, James and Brezina, M and Falgout, R and Manteuffel, T and McCormick, S and Ruge, J and Sheehan, B and Xu, J and Zikatanov, L},
	booktitle={Journal of Physics: Conference Series},
	volume={46},
	number={1},
	pages={443},
	year={2006},
	organization={IOP Publishing}
}

@article{kim2004uniformly,
	title={Uniformly convergent multigrid methods for convection--diffusion problems without any constraint on coarse grids},
	author={Kim, Hwanho and Xu, Jinchao and Zikatanov, Ludmil},
	journal={Advances in Computational Mathematics},
	volume={20},
	number={4},
	pages={385--399},
	year={2004},
	publisher={Springer}
}

@article{xu2004energy,
	title={On an energy minimizing basis for algebraic multigrid methods},
	author={Xu, Jinchao and Zikatanov, Ludmil},
	journal={Computing and Visualization in Science},
	volume={7},
	number={3},
	pages={121--127},
	year={2004},
	publisher={Springer}
}

@article{kim2003multigrid,
	title={A multigrid method based on graph matching for convection--diffusion equations},
	author={Kim, HwanHo and Xu, Jinchao and Zikatanov, Ludmil},
	journal={Numerical linear algebra with applications},
	volume={10},
	number={1-2},
	pages={181--195},
	year={2003},
	publisher={Wiley Online Library}
}

@article{shu2002algebraic,
	title={Algebraic multigrid method on lattice block materials},
	author={Shu, Shi and Xu, Jinchao and Xiao, Yingxiong and Zikatanov, Ludmil},
	journal={Recent Progress in Computional and Applied PDEs. Boston London},
	pages={289--307},
	year={2002}
}

@article{wang1999crosswind,
	title={A crosswind block iterative method for convection-dominated problems},
	author={Wang, Feng and Xu, Jinchao},
	journal={SIAM Journal on Scientific Computing},
	volume={21},
	number={2},
	pages={620--645},
	year={1999},
	publisher={SIAM}
}

@article{chan1998agglomeration,
	title={An agglomeration multigrid method for unstructured grids},
	author={Chan, Tony F and Xu, Jinchao and Zikatanov, Ludmil},
	journal={Contemporary Mathematics},
	volume={218},
	pages={67--81},
	year={1998},
	publisher={Providence, RI: American Mathematical Society}
}

@book{trottenberg2000multigrid,
	title={Multigrid},
	author={Trottenberg, Ulrich and Oosterlee, Cornelius W and Schuller, Anton},
	year={2000},
	publisher={Academic press}
}


%% Two-grid methods
@article{zhong2013two,
	title={{Two-grid methods for time-harmonic Maxwell equations}},
	author={Zhong, Liuqiang and Shu, Shi and Wang, Junxian and Xu, Jinchao},
	journal={Numerical Linear Algebra with Applications},
	volume={20},
	number={1},
	pages={93--111},
	year={2013},
	publisher={Wiley Online Library}
}

@article{yu2013analysis,
	title={Analysis of a two-level method for anisotropic diffusion equations on aligned and nonaligned grids},
	author={Yu, Guozhu and Xu, Jinchao and Zikatanov, Ludmil T},
	journal={Numerical Linear Algebra with Applications},
	volume={20},
	number={5},
	pages={832--851},
	year={2013},
	publisher={Wiley Online Library}
}

@article{cai2009numerical,
	title={{Numerical solution to a mixed Navier--Stokes/Darcy model by the two-grid approach}},
	author={Cai, Mingchao and Mu, Mo and Xu, Jinchao},
	journal={SIAM Journal on Numerical Analysis},
	volume={47},
	number={5},
	pages={3325--3338},
	year={2009},
	publisher={SIAM}
}

@article{he2008local,
	title={{Local and parallel finite element algorithms for the Stokes problem}},
	author={He, Yinnian and Xu, Jinchao and Zhou, Aihui and Li, Jian},
	journal={Numerische Mathematik},
	volume={109},
	number={3},
	pages={415--434},
	year={2008},
	publisher={Springer}
}

@article{mu2007two,
	title={{A two-grid method of a mixed Stokes--Darcy model for coupling fluid flow with porous media flow}},
	author={Mu, Mo and Xu, Jinchao},
	journal={SIAM journal on numerical analysis},
	volume={45},
	number={5},
	pages={1801--1813},
	year={2007},
	publisher={SIAM}
}

@article{he2006local,
	title={{Local and parallel finite element algorithms for the Navier-Stokes problem}},
	author={He, Yinnian and Xu, Jinchao and Zhou, Aihui},
	journal={Journal of Computational Mathematics},
	pages={227--238},
	year={2006},
	publisher={JSTOR}
}

@article{jin2006two,
	title={A two-grid discretization method for decoupling systems of partial differential equations},
	author={Jin, Jicheng and Shu, Shi and Xu, Jinchao},
	journal={Mathematics of computation},
	volume={75},
	number={256},
	pages={1617--1626},
	year={2006}
}

@article{xu2002local,
	title={Local and parallel finite element algorithms for eigenvalue problems},
	author={Xu, Jinchao and Zhou, Aihui},
	journal={Acta Mathematicae Applicatae Sinica},
	volume={18},
	number={2},
	pages={185--200},
	year={2002},
	publisher={Springer}
}

@article{xu2002some,
	title={Some multiscale methods for partial differential equations},
	author={Xu, J and Zhou, A},
	journal={Contemporary Mathematics},
	volume={306},
	pages={1--28},
	year={2002},
	publisher={Providence, RI; American Mathematical Society; 1999}
}

@article{xu2001local,
	title={Local and parallel finite element algorithms based on two-grid discretizations for nonlinear problems},
	author={Xu, Jinchao and Zhou, Aihui},
	journal={Advances in Computational Mathematics},
	volume={14},
	number={4},
	pages={293--327},
	year={2001},
	publisher={Springer}
}

@article{xu2000local,
	title={Local and parallel finite element algorithms based on two-grid discretizations},
	author={Xu, Jinchao and Zhou, Aihui},
	journal={Mathematics of Computation of the American Mathematical Society},
	volume={69},
	number={231},
	pages={881--909},
	year={2000}
}

@article{xu2001two,
	title={A two-grid discretization scheme for eigenvalue problems},
	author={Xu, Jinchao and Zhou, Aihui},
	journal={Mathematics of Computation of the American Mathematical Society},
	volume={70},
	number={233},
	pages={17--25},
	year={2001}
}

@inproceedings{xu1999some,
	title={Some local and parallel properties of finite element discretizations},
	author={Xu, Jinchao and Zhou, Aihui},
	booktitle={Proceedings for Eleventh International Conference on Domain Decomposition Methods},
	pages={140--147},
	year={1999}
}

@article{xu1996two,
	title={{Two-grid discretization techniques for linear and nonlinear PDEs}},
	author={Xu, Jinchao},
	journal={SIAM Journal on Numerical Analysis},
	volume={33},
	number={5},
	pages={1759--1777},
	year={1996},
	publisher={SIAM}
}

@article{marion1995error,
	title={{Error estimates on a new nonlinear Galerkin method based on two-grid finite elements}},
	author={Marion, Martine and Xu, Jinchao},
	journal={SIAM Journal on Numerical Analysis},
	volume={32},
	number={4},
	pages={1170--1184},
	year={1995},
	publisher={SIAM}
}

@article{xu1994novel,
	title={A novel two-grid method for semilinear elliptic equations},
	author={Xu, Jinchao},
	journal={SIAM Journal on Scientific Computing},
	volume={15},
	number={1},
	pages={231--237},
	year={1994},
	publisher={SIAM}
}

@article{xu1994some,
	title={Some two-grid finite element methods},
	author={Xu, Jinchao},
	journal={CONTEMPORARY MATHEMATICS},
	volume={157},
	pages={79--79},
	year={1994},
	publisher={AMERICAN MATHEMATICAL SOCIETY}
}

@article{xu1992new,
	title={A new class of iterative methods for nonselfadjoint or indefinite problems},
	author={Xu, Jinchao},
	journal={SIAM Journal on Numerical Analysis},
	volume={29},
	number={2},
	pages={303--319},
	year={1992},
	publisher={SIAM}
}

%%%%%%%%%%%%%%%%%%%%%%%%%%%%%%%%%%%%%%%%%%
%%%%%%%%%%%%% Finite Element Method%%%%%%%%%%%%%%%
%%%%%%%%%%%%%%%%%%%%%%%%%%%%%%%%%%%%%%%%%%

@incollection{xu2016optimal,
	title={Optimal Finite Element Methods for Interface Problems},
	author={Xu, Jinchao and Zhang, Shuo},
	booktitle={Domain Decomposition Methods in Science and Engineering XXII},
	pages={77--91},
	year={2016},
	publisher={Springer}
}

@article{lin2014lower,
	title={Lower bounds of the discretization error for piecewise polynomials},
	author={Lin, Qun and Xie, Hehu and Xu, Jinchao},
	journal={Mathematics of Computation},
	volume={83},
	number={285},
	pages={1--13},
	year={2014}
}

@article{hu2013convergence,
	title={{Convergence and optimality of the adaptive nonconforming linear element method for the Stokes problem}},
	author={Hu, Jun and Xu, Jinchao},
	journal={Journal of Scientific Computing},
	volume={55},
	number={1},
	pages={125--148},
	year={2013},
	publisher={Springer}
}

@article{wang2013minimal,
	title={{Minimal finite element spaces for $2m$-th-order partial differential equations in $\mathbb{R}^n$}},
	author={Wang, Ming and Xu, Jinchao},
	journal={Mathematics of Computation},
	volume={82},
	number={281},
	pages={25--43},
	year={2013}
}

@article{hong2012discontinuous,
	title={{A discontinuous Galerkin method for the fourth-order Curl problem.}},
	author={Hong, Qingguo and Hu, Jun and Shu, Shi and Xu, Jinchao},
	journal={Journal of Computational Mathematics},
	volume={30},
	number={6},
	year={2012}
}

@article{zhong2012convergence,
	title={Convergence and optimality of adaptive edge finite element methods for time-harmonic Maxwell equations},
	author={Zhong, Liuqiang and Chen, Long and Shu, Shi and Wittum, Gabriel and Xu, Jinchao},
	journal={Mathematics of Computation},
	volume={81},
	number={278},
	pages={623--642},
	year={2012}
}

@article{xie2011new,
	title={{New mixed finite elements for plane elasticity and Stokes equations}},
	author={Xie, Xiaoping and Xu, Jinchao},
	journal={Science China Mathematics},
	volume={54},
	number={7},
	pages={1499--1519},
	year={2011},
	publisher={Springer}
}

@article{zheng2011nonconforming,
	title={A nonconforming finite element method for fourth order curl equations in $\mathbb{R}^3$},
	author={Zheng, Bin and Hu, Qiya and Xu, Jinchao},
	journal={Mathematics of Computation},
	volume={80},
	number={276},
	pages={1871--1886},
	year={2011}
}

@article{xie2011new,
	title={{New mixed finite elements for plane elasticity and Stokes equations}},
	author={Xie, Xiaoping and Xu, Jinchao},
	journal={Science China Mathematics},
	volume={54},
	number={7},
	pages={1499--1519},
	year={2011},
	publisher={Springer}
}

@article{vogel2010generalization,
	title={A generalization of the vertex-centered finite volume scheme to arbitrary high order},
	author={Vogel, Andreas and Xu, Jinchao and Wittum, Gabriel},
	journal={Computing and visualization in science},
	volume={13},
	number={5},
	pages={221--228},
	year={2010},
	publisher={Springer}
}

@article{xu2009analysis,
	title={Analysis of linear and quadratic simplicial finite volume methods for elliptic equations},
	author={Xu, Jinchao and Zou, Qingsong},
	journal={Numerische Mathematik},
	volume={111},
	number={3},
	pages={469--492},
	year={2009},
	publisher={Springer}
}

@article{zhong2009optimal,
	title={{Optimal error estimates for Nedelec edge elements for time-harmonic Maxwell's equations}},
	author={Zhong, Liuqiang and Shu, Shi and Wittum, Gabriel and Xu, Jinchao},
	journal={Journal of Computational Mathematics},
	pages={563--572},
	year={2009},
	publisher={JSTOR}
}

@article{xie2008uniformly,
	title={{Uniformly-stable finite element methods for Darcy-Stokes-Brinkman models}},
	author={Xie, Xiaoping and Xu, Jinchao and Xue, Guangri},
	journal={Journal of Computational Mathematics},
	pages={437--455},
	year={2008},
	publisher={JSTOR}
}

@article{wang2007new,
	title={{A new class of Zienkiewicz-type non-conforming element in any dimensions}},
	author={Wang, Ming and Shi, Zhong-ci and Xu, Jinchao},
	journal={Numerische Mathematik},
	volume={106},
	number={2},
	pages={335--347},
	year={2007},
	publisher={Springer}
}

@article{wang2007some,
	title={Some $n$-rectangle nonconforming elements for fourth order elliptic equations},
	author={Wang, Ming and Shi, Zhong-Ci and Xu, Jinchao},
	journal={Journal of Computational Mathematics},
	pages={408--420},
	year={2007},
	publisher={JSTOR}
}

@article{chen2007finite,
	title={{The finite element approximation of the nonlinear Poisson--Boltzmann equation}},
	author={Chen, Long and Holst, Michael J and Xu, Jinchao},
	journal={SIAM journal on numerical analysis},
	volume={45},
	number={6},
	pages={2298--2320},
	year={2007},
	publisher={SIAM}
}

@article{ming2007nonconforming,
	title={Nonconforming tetrahedral finite elements for fourth order elliptic equations},
	author={Ming, Wang and Xu, Jinchao},
	journal={Mathematics of computation},
	volume={76},
	number={257},
	pages={1--18},
	year={2007}
}

@article{ming2006morley,
	title={{The Morley element for fourth order elliptic equations in any dimensions}},
	author={Ming, Wang and Xu, Jinchao},
	journal={Numerische Mathematik},
	volume={103},
	number={1},
	pages={155--169},
	year={2006},
	publisher={Springer}
}

@article{wang2006modified,
	title={{Modified Morley element method for a fourth order elliptic singular perturbation problem}},
	author={Wang, Ming and Xu, Jin-chao and Hu, Yu-cheng},
	journal={Journal of Computational Mathematics},
	pages={113--120},
	year={2006},
	publisher={JSTOR}
}

@article{chen2005partition,
	title={{Partition of unity method on non-matching grids for the Stokes problem}},
	author={CHEN, C BACUTAf J and Huang, Y and Xu, J and ZIKATANOV, L},
	journal={Journal of Numerical Mathematics},
	volume={13},
	number={3},
	pages={157--169},
	year={2005},
	publisher={Springer}
}

@article{bacuta2003regularity,
	title={{Regularity estimates for elliptic boundary value problems in Besov spaces}},
	author={Bacuta, Constantin and Bramble, James and Xu, Jinchao},
	journal={Mathematics of Computation},
	volume={72},
	number={244},
	pages={1577--1595},
	year={2003}
}

@article{bacuta2003regularity,
	title={Regularity estimates for elliptic boundary value problems with smooth data on polygonal domains},
	author={Bacuta, Constantin and Bramble, James H and Xu, Jinchao},
	journal={Journal of Numerical Mathematics jnma},
	volume={11},
	number={2},
	pages={75--94},
	year={2003},
	publisher={Walter de Gruyter}
}

@article{huang2003conforming,
	title={A conforming finite element method for overlapping and nonmatching grids},
	author={Huang, Yunqing and Xu, Jinchao},
	journal={Mathematics of Computation},
	volume={72},
	number={243},
	pages={1057--1066},
	year={2003}
}

@article{xu2003some,
	title={{Some observations on Babu$\backslash$vs$\}$ ka and Brezzi theories}},
	author={Xu, Jinchao and Zikatanov, Ludmil},
	journal={Numerische Mathematik},
	volume={94},
	number={1},
	pages={195--202},
	year={2003},
	publisher={Springer}
}

@article{xu2001convergence,
	title={Convergence of an explicit upwind finite element method to multi-dimensional conservation laws},
	author={Xu, Jin-chao and Ying, Lung-an},
	journal={Journal of Computational Mathematics},
	pages={87--100},
	year={2001},
	publisher={JSTOR}
}

@article{shen2000finite,
	title={{A finite element multigrid preconditioner for Chebyshev--collocation methods}},
	author={Shen, Jie and Wang, Feng and Xu, Jinchao},
	journal={Applied Numerical Mathematics},
	volume={33},
	number={1-4},
	pages={471--477},
	year={2000},
	publisher={Elsevier}
}

@article{huang1999partition,
	title={A partition-of-unity finite element method for elliptic problems with highly oscillating coefficients},
	author={Huang, Y and Xu, J},
	journal={Proceedings for the Work-shop on Scientific Computing, Hongkong},
	pages={27--30},
	year={1999}
}

@article{xu1999monotone,
	title={A monotone finite element scheme for convection-diffusion equations},
	author={Xu, Jinchao and Zikatanov, Ludmil},
	journal={Mathematics of Computation of the American Mathematical Society},
	volume={68},
	number={228},
	pages={1429--1446},
	year={1999}
}

@article{shen1999schur,
	title={{On a Schur complement operator arisen from Navier-Stokes equations and its preconditioning}},
	author={Shen, Ling and Xu, Jinchao},
	journal={LECTURE NOTES IN PURE AND APPLIED MATHEMATICS},
	pages={481--490},
	year={1999},
	publisher={MARCEL DEKKER AG}
}

@inproceedings{xu1998eafe,
	title={{The EAFE Scheme and CWDD Method for Convection-dominated Problems}},
	author={Xu, Jinchao},
	booktitle={The Proceedings for Ninth International Conference on Domain Decomposition Methods (P. Bj{\o}rstad, M. Espedal, and D. Keyes, eds.), Domain Decomposition Press, Bergen, Norway},
	pages={619--625},
	year={1998}
}

@article{xu1992galerkin,
	title={{Galerkin-wavelet methods for two-point boundary value problems}},
	author={Xu, JinChao and Shann, Wei-Chang},
	journal={Numerische Mathematik},
	volume={63},
	number={1},
	pages={123--144},
	year={1992},
	publisher={Springer}
}

@article{bramble1991some,
	title={Some estimates for a weighted $L^2$ projection},
	author={Bramble, James H and Xu, Jinchao},
	journal={Mathematics of Computation},
	volume={56},
	number={194},
	pages={463--476},
	year={1991}
}

@article{xu1991counterexamples,
	title={Counterexamples concerning a weighted $L^2$ projection},
	author={Xu, Jinchao},
	journal={Mathematics of Computation},
	volume={57},
	number={196},
	pages={563--568},
	year={1991}
}

@article{thomee1989superconvergence,
	title={Superconvergence of the gradient in piecewise linear finite-element approximation to a parabolic problem},
	author={Thom{\'e}e, Vidar and Xu, Jin-Chao and Zhang, Nai-Ying},
	journal={SIAM Journal on Numerical Analysis},
	volume={26},
	number={3},
	pages={553--573},
	year={1989},
	publisher={SIAM}
}

@article{bramble1989local,
	title={A local post-processing technique for improving the accuracy in mixed finite-element approximations},
	author={Bramble, James H and Xu, Jinchao},
	journal={SIAM Journal on Numerical Analysis},
	volume={26},
	number={6},
	pages={1267--1275},
	year={1989},
	publisher={SIAM}
}

@article{qun1985linear,
	title={Linear finite elements with high accuracy},
	author={Qun, Lin and Jin-chao, Xu},
	journal={Journal of Computational Mathematics},
	volume={3},
	number={2},
	pages={115--133},
	year={1985},
	publisher={JSTOR}
}



%% Adaptive Method

@article{hu2014adaptive,
	title={{On adaptive Eulerian--Lagrangian method for linear convection--diffusion problems}},
	author={Hu, Xiaozhe and Lee, Young-Ju and Xu, Jinchao and Zhang, Chen-Song},
	journal={Journal of Scientific Computing},
	volume={58},
	number={1},
	pages={90--114},
	year={2014},
	publisher={Springer}
}

@article{hu2012convergence,
	title={{Convergence and optimality of the adaptive Morley element
			method}},
	author={Hu, Jun and Shi, Zhongci and Xu, Jinchao},
	journal={Numerische Mathematik},
	volume={121},
	number={4},
	pages={731--752},
	year={2012},
	publisher={Springer}
}

@article{hu2012convergence,
	title={{Convergence and optimality of the adaptive Morley element method}},
	author={Hu, Jun and Shi, Zhongci and Xu, Jinchao},
	journal={Numerische Mathematik},
	volume={121},
	number={4},
	pages={731--752},
	year={2012},
	publisher={Springer}
}

@article{zhong2012convergence,
	title={{Convergence and optimality of adaptive edge finite element methods for time-harmonic Maxwell equations}},
	author={Zhong, Liuqiang and Chen, Long and Shu, Shi and Wittum, Gabriel and Xu, Jinchao},
	journal={Mathematics of Computation},
	volume={81},
	number={278},
	pages={623--642},
	year={2012}
}

@article{sun2010numerical,
	title={Numerical studies of adaptive finite element methods for two dimensional convection-dominated problems},
	author={Sun, Pengtao and Chen, Long and Xu, Jinchao},
	journal={Journal of Scientific Computing},
	volume={43},
	number={1},
	pages={24--43},
	year={2010},
	publisher={Springer}
}

@article{zhong2010convergence,
	title={{Convergence of adaptive edge finite element methods for $H(curl)$-elliptic problems}},
	author={Zhong, Liuqiang and Shu, Shi and Chen, Long and Xu, Jinchao},
	journal={Numerical Linear Algebra with Applications},
	volume={17},
	number={2-3},
	pages={415--432},
	year={2010},
	publisher={Wiley Online Library}
}

@article{chen2009convergence,
	title={Convergence and optimality of adaptive mixed finite element methods},
	author={Chen, Long and Holst, Michael and Xu, Jinchao},
	journal={Mathematics of Computation},
	volume={78},
	number={265},
	pages={35--53},
	year={2009}
}

@article{chen2008stability,
	title={Stability and accuracy of adapted finite element methods for singularly perturbed problems},
	author={Chen, Long and Xu, Jinchao},
	journal={Numerische Mathematik},
	volume={109},
	number={2},
	pages={167--191},
	year={2008},
	publisher={Springer}
}

@article{dai2008convergence,
	title={Convergence and optimal complexity of adaptive finite element eigenvalue computations},
	author={Dai, Xiaoying and Xu, Jinchao and Zhou, Aihui},
	journal={Numerische Mathematik},
	volume={110},
	number={3},
	pages={313--355},
	year={2008},
	publisher={Springer}
}

@article{huang2008superconvergence,
	title={Superconvergence of quadratic finite elements on mildly structured grids},
	author={Huang, Yunqing and Xu, Jinchao},
	journal={Mathematics of computation},
	volume={77},
	number={263},
	pages={1253--1268},
	year={2008}
}

@article{bank2007superconvergent,
	title={{Superconvergent derivative recovery for Lagrange triangular
			elements of degree $p$ on unstructured grids}},
	author={Bank, Randolph E and Xu, Jinchao and Zheng, Bin},
	journal={SIAM Journal on Numerical Analysis},
	volume={45},
	number={5},
	pages={2032--2046},
	year={2007},
	publisher={SIAM}
}

@article{sun2007new,
	title={A new adaptive local mesh refinement algorithm and its
		application on fourth order thin film flow problem},
	author={Sun, Pengtao and Russell, Robert D and Xu, Jinchao},
	journal={Journal of Computational Physics},
	volume={224},
	number={2},
	pages={1021--1048},
	year={2007},
	publisher={Elsevier}
}

@incollection{chen2005multilevel,
	title={Multilevel homotopic adaptive finite element methods for convection dominated problems},
	author={Chen, Long and Sun, Pengtao and Xu, Jinchao},
	booktitle={Domain Decomposition Methods in Science and Engineering},
	pages={459--468},
	year={2005},
	publisher={Springer}
}

@article{xu2004analysis,
	title={Analysis of recovery type a posteriori error estimators for mildly structured grids},
	author={Xu, Jinchao and Zhang, Zhimin},
	journal={Mathematics of Computation},
	volume={73},
	number={247},
	pages={1139--1152},
	year={2004}
}

@article{bank2003asymptotically,
	title={{Asymptotically exact a posteriori error estimators, part I: Grids with superconvergence}},
	author={Bank, Randolph E and Xu, Jinchao},
	journal={SIAM Journal on Numerical Analysis},
	volume={41},
	number={6},
	pages={2294--2312},
	year={2003},
	publisher={SIAM}
}

@article{bank2003asymptotically,
	title={{Asymptotically exact a posteriori error estimators, Part II: General unstructured grids}},
	author={Bank, Randolph E and Xu, Jinchao},
	journal={SIAM Journal on Numerical Analysis},
	volume={41},
	number={6},
	pages={2313--2332},
	year={2003},
	publisher={SIAM}
}



@article{chen2007optimal,
	title={Optimal anisotropic meshes for minimizing interpolation
		errors in $L^p$-norm},
	author={Chen, Long and Sun, Pengtao and Xu, Jinchao},
	journal={Mathematics of Computation},
	volume={76},
	number={257},
	pages={179--204},
	year={2007}
}

@article{chen2004optimal,
	title={Optimal delaunay triangulations},
	author={Chen, Long and Xu, Jin-chao},
	journal={Journal of Computational Mathematics},
	pages={299--308},
	year={2004},
	publisher={JSTOR}
}


@article{bank1996algorithm,
	title={An algorithm for coarsening unstructured meshes},
	author={Bank, Randolph E and Xu, Jinchao},
	journal={Numerische Mathematik},
	volume={73},
	number={1},
	pages={1--36},
	year={1996},
	publisher={Springer}
}


%% Complex Fluids

@incollection{lee2011stable,
	title={Stable finite element discretizations for viscoelastic flow models},
	author={Lee, Young-Ju and Xu, Jinchao and Zhang, Chen-Song},
	booktitle={Handbook of numerical analysis},
	volume={16},
	pages={371--432},
	year={2011},
	publisher={Elsevier}
}

@article{lee2011global,
	title={Global existence, uniqueness and optimal solvers of discretized viscoelastic flow models},
	author={Lee, Young-Ju and Xu, Jinchao and Zhang, Chen-Song},
	journal={Mathematical Models and Methods in Applied Sciences},
	volume={21},
	number={08},
	pages={1713--1732},
	year={2011},
	publisher={World Scientific}
}

@article{jia2011effects,
	title={{Effects of integrations and adaptivity for the Eulerian-Lagrangian method}},
	author={Jia, Jiwei and Hu, Xiaozhe and Xu, Jinchao and Zhang, Chen-Song},
	journal={Journal of Computational Mathematics},
	pages={367--395},
	year={2011},
	publisher={JSTOR}
}

@article{cai2009preconditioning,
	title={{Preconditioning techniques for a mixed Stokes/Darcy model in porous media applications}},
	author={Cai, Mingchao and Mu, Mo and Xu, Jinchao},
	journal={Journal of computational and applied mathematics},
	volume={233},
	number={2},
	pages={346--355},
	year={2009},
	publisher={Elsevier}
}

@article{lee2006new,
	title={{New formulations, positivity preserving discretizations and stability analysis for non-Newtonian flow models}},
	author={Lee, Young-Ju and Xu, Jinchao},
	journal={Computer methods in applied mechanics and engineering},
	volume={195},
	number={9},
	pages={1180--1206},
	year={2006},
	publisher={Elsevier}
}

%% Reservoir Simulation

@article{li2017numerical,
	title={Numerical studies of a class of linear solvers for fine-scale petroleum reservoir simulation},
	author={Li, Zheng and Wu, Shuhong and Zhang, Chen-Song and Xu, Jinchao and Feng, Chunsheng and Hu, Xiaozhe},
	journal={Computing and Visualization in Science},
	volume={18},
	number={2-3},
	pages={93--102},
	year={2017},
	publisher={Springer}
}

@article{qiao2017analytical,
	title={Analytical decoupling techniques for fully implicit reservoir simulation},
	author={Qiao, Changhe and Wu, Shuhong and Xu, Jinchao and Zhang, Chen-Song},
	journal={Journal of Computational Physics},
	volume={336},
	pages={664--681},
	year={2017},
	publisher={Elsevier}
}

@article{li2016toward,
	title={Toward cost-effective reservoir simulation solvers on GPUs},
	author={Li, Zheng and Wu, Shuhong and Xu, Jinchao and Zhang, Chensong},
	journal={Advances in Applied Mathematics and Mechanics},
	volume={8},
	number={6},
	pages={971--991},
	year={2016},
	publisher={Cambridge University Press}
}

@inproceedings{guan2015robust,
	title={On Robust and Efficient Parallel Reservoir Simulation on {Tianhe-2}},
	author={Guan, Wenchao and Qiao, Changhe and Zhang, Hongxuan and Zhang, Chen-Song and Zhi, Meipeng and Zhu, Zhifan and Zheng, Zhenying and Ye, Weicai and Zhang, Yongdong and Hu, Xiaozhe},
	booktitle={SPE Reservoir Characterisation and Simulation Conference and Exhibition},
	year={2015},
	organization={Society of Petroleum Engineers}
}

@inproceedings{qiao2015modeling,
	title={Modeling low salinity waterflooding in mineralogically different carbonates},
	author={Qiao, Changhe and Johns, Russell and Li, Li and Xu, Jinchao},
	booktitle={SPE Annual Technical Conference and Exhibition},
	year={2015},
	organization={Society of Petroleum Engineers}
}

@inproceedings{qiao2014mechanistic,
	title={A mechanistic model for wettability alteration by chemically tuned water flooding in carbonate reservoirs},
	author={Qiao, Changhe and Li, Li and Johns, Russell Taylor and Xu, Jinchao},
	booktitle={SPE Annual Technical Conference and Exhibition},
	year={2014},
	organization={Society of Petroleum Engineers}
}

@inproceedings{qiao2014compositional,
	title={{Compositional modeling of reaction-induced injectivity alteration during CO2 flooding in carbonate reservoirs}},
	author={Qiao, Changhe and Li, Li and Johns, Russell Taylor and Xu, Jinchao},
	booktitle={SPE Annual Technical Conference and Exhibition},
	year={2014},
	organization={Society of Petroleum Engineers}
}

@incollection{feng2014multi,
	title={{A multi-stage preconditioner for the black oil model and its OpenMP implementation}},
	author={Feng, Chunsheng and Shu, Shi and Xu, Jinchao and Zhang, Chen-Song},
	booktitle={Domain Decomposition Methods in Science and Engineering XXI},
	pages={141--153},
	year={2014},
	publisher={Springer}
}

@article{hu2013application,
	title={Application of auxiliary space preconditioning in field-scale reservoir simulation},
	author={Hu, XiaoZhe and Xu, JinChao and Zhang, ChenSong},
	journal={Science China Mathematics},
	volume={56},
	number={12},
	pages={2737--2751},
	year={2013},
	publisher={Springer}
}

@inproceedings{li2013multilevel,
	title={Multilevel preconditioners for a new generation reservoir simulator},
	author={Li, Qiao Yun and Xu, Jin Chao and Li, Xiao Bo and Li, Hua and Wang, Bao Hua and Zhang, Chen Song},
	booktitle={SPE Reservoir Characterization and Simulation Conference and Exhibition},
	year={2013},
	organization={Society of Petroleum Engineers}
}

@article{hu2013combined,
	title={Combined preconditioning with applications in reservoir simulation},
	author={Hu, Xiaozhe and Wu, Shuhong and Wu, Xiao-Hui and Xu, Jinchao and Zhang, Chen-Song and Zhang, Shiquan and Zikatanov, Ludmil},
	journal={Multiscale Modeling \& Simulation},
	volume={11},
	number={2},
	pages={507--521},
	year={2013},
	publisher={SIAM}
}

@inproceedings{hu2011development,
	title={Development of a fast auxiliary subspace pre-conditioner for numerical reservoir simulators},
	author={Hu, Xiaozhe and Liu, Wei and Qin, Guan and Xu, Jinchao and Zhang, Zhensong},
	booktitle={SPE Reservoir Characterisation and Simulation Conference and Exhibition},
	year={2011},
	organization={Society of Petroleum Engineers}
}







%% FSI
@article{yang2016modeling,
	title={Modeling and simulations for fluid and rotating structure interactions},
	author={Yang, Kai and Sun, Pengtao and Wang, Lu and Xu, Jinchao and Zhang, Lixiang},
	journal={Computer Methods in Applied Mechanics and Engineering},
	volume={311},
	pages={788--814},
	year={2016},
	publisher={Elsevier}
}

@article{xu2015well,
	title={Well-posedness and robust preconditioners for discretized fluid--structure interaction systems},
	author={Xu, Jinchao and Yang, Kai},
	journal={Computer Methods in Applied Mechanics and Engineering},
	volume={292},
	pages={69--91},
	year={2015},
	publisher={Elsevier}
}

@article{sun2014full,
	title={{Full Eulerian finite element method of a phase field model for fluid--structure interaction problem}},
	author={Sun, Pengtao and Xu, Jinchao and Zhang, Lixiang},
	journal={Computers \& Fluids},
	volume={90},
	pages={1--8},
	year={2014},
	publisher={Elsevier}
}



%% MHD
@article{hu2017stable,
	title={{Stable finite element methods preserving ${\rm div} B = 0$
			exactly for MHD models}},
	author={Hu, Kaibo and Ma, Yicong and Xu, Jinchao},
	journal={Numerische Mathematik},
	volume={135},
	number={2},
	pages={371--396},
	year={2017},
	publisher={Springer}
}

@article{ma2016robust,
	title={{Robust preconditioners for incompressible MHD models}},
	author={Ma, Yicong and Hu, Kaibo and Hu, Xiaozhe and Xu, Jinchao},
	journal={Journal of Computational Physics},
	volume={316},
	pages={721--746},
	year={2016},
	publisher={Elsevier}
}

@article{heumann2012fully,
	title={Fully discrete semi-Lagrangian methods for advection of
		differential forms},
	author={Heumann, Holger and Hiptmair, Ralf and Li, Kun and Xu,
		Jinchao},
	journal={BIT Numerical Mathematics},
	volume={52},
	number={4},
	pages={981--1007},
	year={2012},
	publisher={Springer}
}


%% Fuel Cell

@article{sun2010combined,
	title={A combined finite element-upwind finite volume method for liquid-feed direct methanol fuel cell simulations},
	author={Sun, Pengtao and Wang, Chaoyang and Xu, Jinchao},
	journal={Journal of Fuel Cell Science and Technology},
	volume={7},
	number={4},
	pages={041010},
	year={2010},
	publisher={American Society of Mechanical Engineers}
}

@article{sun2009phase,
	title={{Phase field model of thermo-induced Marangoni effects in the mixtures and its numerical simulations with mixed finite element method}},
	author={Sun, Pengtao and Liu, Chun and Xu, Jinchao},
	journal={Communications in Computational Physics},
	volume={6},
	number={5},
	pages={1095},
	year={2009}
}

@article{sun2009new,
	title={New numerical techniques for a three-dimensional liquid-feed direct methanol fuel cell model},
	author={Sun, Pengtao and Xue, Guangri and Wang, Chaoyang and Xu, Jinchao},
	journal={SIAM Journal on Applied Mathematics},
	volume={70},
	number={2},
	pages={600--620},
	year={2009},
	publisher={SIAM}
}

@article{sun2009domain,
	title={A domain decomposition method for two-phase transport model in the cathode of a polymer electrolyte fuel cell},
	author={Sun, Pengtao and Xue, Guangri and Wang, Chao-yang and Xu, Jinchao},
	journal={Journal of Computational Physics},
	volume={228},
	number={16},
	pages={6016--6036},
	year={2009},
	publisher={Elsevier}
}

@article{sun2009fast,
	title={Fast numerical simulation of two-phase transport model in the cathode of a polymer electrolyte fuel cell},
	author={Sun, Pengtao and Xue, Guangri and Wang, Chaoyang and Xu, Jinchao},
	journal={Communications in computational physics},
	volume={6},
	number={1},
	pages={49},
	year={2009}
}

@inproceedings{sun2008combined,
	title={{A combined finite element-upwind finite volume-NewtonË™∑ method for liquid-feed direct methanol fuel cell simulations}},
	author={Sun, Pengtao and Xue, Guangri and Wang, Chaoyang and Xu, Jinchao},
	booktitle={ASME 2008 6th International Conference on Fuel Cell Science, Engineering and Technology},
	pages={851--864},
	year={2008},
	organization={American Society of Mechanical Engineers}
}

@article{wu2002newton,
	title={{Newton-Krylov-Multigrid algorithms for battery simulation}},
	author={Wu, J and Srinivasan, Venkat and Xu, Jinchao and Wang, CY},
	journal={Journal of the electrochemical society},
	volume={149},
	number={10},
	pages={A1342--A1348},
	year={2002},
	publisher={The Electrochemical Society}
}


%% Others
@article{wu2017multiphase,
	title={{Multiphase Allen--Cahn and Cahn--Hilliard models and their
			discretizations with the effect of pairwise surface tensions}},
	author={Wu, Shuonan and Xu, Jinchao},
	journal={Journal of Computational Physics},
	volume={343},
	pages={10--32},
	year={2017},
	publisher={Elsevier}
}

@article{hao2017mathematical,
	title={A mathematical model of aortic aneurysm formation},
	author={Hao, Wenrui and Gong, Shihua and Wu, Shuonan and Xu, Jinchao
		and Go, Michael R and Friedman, Avner and Zhu, Dai},
	journal={PloS one},
	volume={12},
	number={2},
	pages={e0170807},
	year={2017},
	publisher={Public Library of Science}
}

@article{metti2016energetically,
	title={Energetically stable discretizations for charge transport and
		electrokinetic models},
	author={Metti, Maximilian S and Xu, Jinchao and Liu, Chun},
	journal={Journal of Computational Physics},
	volume={306},
	pages={1--18},
	year={2016},
	publisher={Elsevier}
}

@article{trask2015scalable,
	title={{A scalable consistent second-order SPH solver for unsteady
			low Reynolds number flows}},
	author={Trask, Nathaniel and Maxey, Martin and Kim, Kyungjoo and
		Perego, Mauro and Parks, Michael L and Yang, Kai and Xu, Jinchao},
	journal={Computer Methods in Applied Mechanics and Engineering},
	volume={289},
	pages={155--178},
	year={2015},
	publisher={Elsevier}
}

@article{zhang2014study,
	title={{The study on hemodynamic effect of varied support models of
			BJUT-II VAD on coronary artery: A primary CFD study}},
	author={Zhang, Qi and Gao, Bin and Gu, Kaiyun and Chang, Yu and Xu,
		Jinchao},
	journal={ASAIO Journal},
	volume={60},
	number={6},
	pages={643--651},
	year={2014},
	publisher={LWW}
}

@article{cheng2013application,
	title={Application of an energy-minimizing algebraic multigrid
		method for subsurface water simulations},
	author={Cheng, Jing-Ru C and Huang, Xuehai and Shu, Shi and Xu,
		Jinchao and Zhang, Chen-song and Zhang, Shuo and Zhou, Zhiyang},
	journal={International Journal of Numerical Analysis and Modeling},
	volume={10},
	number={2},
	pages={374--388},
	year={2013}
}

@article{shu2008multilevel,
	title={Multilevel preconditioning methods for discrete models of
		lattice block materials},
	author={Shu, Shi and Babu{\v{s}}ka, Ivo and Xiao, Yingxiong and Xu,
		Jinchao and Zikatanov, Ludmil},
	journal={SIAM Journal on Scientific Computing},
	volume={31},
	number={1},
	pages={687--707},
	year={2008},
	publisher={SIAM}
}

@article{caflisch2006application,
	title={An application of multigrid methods for a discrete elastic
		model for epitaxial systems},
	author={Caflisch, Russel E and Lee, Y-J and Shu, Shi and Xiao, Y-X
		and Xu, Jinchao},
	journal={Journal of Computational Physics},
	volume={219},
	number={2},
	pages={697--714},
	year={2006},
	publisher={Elsevier}
}

@article{sopuerta2005toy,
	title={A toy model for testing finite element methods to simulate
		extreme-mass-ratio binary systems},
	author={Sopuerta, Carlos F and Sun, Pengtao and Laguna, Pablo and
		Xu, Jinchao},
	journal={Classical and Quantum Gravity},
	volume={23},
	number={1},
	pages={251},
	year={2005},
	publisher={IOP Publishing}
}

@article{wu2006well,
	title={On the well-posedness of a mathematical model for lithium-ion
		battery systems},
	author={Wu, Jinbiao and Xu, Jinchao and Zou, Henghui},
	journal={Methods and Applications of Analysis},
	volume={13},
	number={3},
	pages={275--298},
	year={2006},
	publisher={International Press of Boston}
}

@article{yin2005measuring,
	title={Measuring single cardiac myocyte contractile force via moving
		a magnetic bead},
	author={Yin, Shizhuo and Zhang, Xueqian and Zhan, Chun and Wu,
		Juntao and Xu, Jinchao and Cheung, Joseph},
	journal={Biophysical journal},
	volume={88},
	number={2},
	pages={1489--1495},
	year={2005},
	publisher={Elsevier}
}

%% FASP software 



%%Reanalysis
@book{kirsch2008reanalysis,
	title={Reanalysis of structures},
	author={Kirsch, Uri},
	year={2008},
	publisher={Springer}
}

@article{kirsch2003unified,
	title={A unified reanalysis approach for structural analysis, design, and optimization},
	author={Kirsch, U},
	journal={Structural and Multidisciplinary Optimization},
	volume={25},
	number={2},
	pages={67--85},
	year={2003},
	publisher={Springer}
}

@article{kirsch2001structural,
	title={Structural reanalysis for topological modifications--a unified approach},
	author={Kirsch, U and Papalambros, Panos Y},
	journal={Structural and Multidisciplinary Optimization},
	volume={21},
	number={5},
	pages={333--344},
	year={2001},
	publisher={Springer}
}

@article{kirsch2002accurate,
	title={Accurate reanalysis of structures by a preconditioned conjugate gradient method},
	author={Kirsch, Uri and Kocvara, Michal and Zowe, Jochem},
	journal={International Journal for Numerical Methods in Engineering},
	volume={55},
	number={2},
	pages={233--251},
	year={2002},
	publisher={Wiley Online Library}
}

@article{akgun2001fast,
	title={Fast exact linear and non-linear structural reanalysis and the {S}herman--{M}orrison--{W}oodbury formulas},
	author={Akg{\"u}n, Mehmet A and Garcelon, John H and Haftka, Raphael T},
	journal={International Journal for Numerical Methods in Engineering},
	volume={50},
	number={7},
	pages={1587--1606},
	year={2001},
	publisher={Wiley Online Library}
}

@book{abur2004power,
	title={Power system state estimation: theory and implementation},
	author={Abur, Ali and Exposito, Antonio Gomez},
	year={2004},
	publisher={CRC press}
}

@article{clements1981power,
	title={Power system state estimation residual analysis: An algorithm using network topology},
	author={Clements, KA and Krumpholz, GR and Davis, PW},
	journal={IEEE Transactions on Power Apparatus and Systems},
	number={4},
	pages={1779--1787},
	year={1981},
	publisher={IEEE}
}

@misc{xu2017deep,
	title={Deep Neural Networks and Multigrid Methods ({L}ecture {N}otes at
		{P}enn {S}tate)},
	author={Xu, Jinchao},
	year={2017},
	month={November}
}

@article{xu2016convex,
	title={On the stability and accuracy of partially and fully implicit
		schemes for phase field modeling},
	author={Xu, Jinchao and Li, Yukun and Wu, Shuonan and 
		Bousquet, Arthur},
	journal={arXiv preprint arXiv:1604.05402},
	year={2016}
}






%%DNN&CNN
@article{bojarski2016end,
	title={End to end learning for self-driving cars},
	author={Bojarski, Mariusz and Del Testa, Davide and Dworakowski, Daniel and Firner, Bernhard and Flepp, Beat and Goyal, Prasoon and Jackel, Lawrence D and Monfort, Mathew and Muller, Urs and Zhang, Jiakai},
	journal={arXiv preprint arXiv:1604.07316},
	year={2016}
}

@article{kaelbling1996reinforcement,
	title={Reinforcement learning: A survey},
	author={Kaelbling, Leslie Pack and Littman, Michael L and Moore, Andrew W},
	journal={Journal of Artificial Intelligence Research},
	volume={4},
	pages={237--285},
	year={1996}
}

@article{lecun2015deep,
	title={Deep learning},
	author={LeCun, Yann and Bengio, Yoshua and Hinton, Geoffrey},
	journal={Nature},
	volume={521},
	number={7553},
	pages={436--444},
	year={2015},
	publisher={Nature Research}
}

@misc{Waymo,
	title = {{Waymo}},
	howpublished = {\url{www.waymo.com}}
}


@inproceedings{hosseini2016alzheimer,
  title={Alzheimer's disease diagnostics by adaptation of 3D convolutional network},
  author={Hosseini-Asl, Ehsan and Keynton, Robert and El-Baz, Ayman},
  booktitle={Image Processing (ICIP), 2016 IEEE International Conference on},
  pages={126--130},
  year={2016},
  organization={IEEE}
}

@article{suk2017deep,
  title={Deep ensemble learning of sparse regression models for brain disease diagnosis},
  author={Suk, Heung-Il and Lee, Seong-Whan and Shen, Dinggang and Alzheimer‚Äôs Disease Neuroimaging Initiative},
  journal={Medical image analysis},
  volume={37},
  pages={101--113},
  year={2017},
  publisher={Elsevier}
}

@inproceedings{gupta2013natural,
  title={Natural image bases to represent neuroimaging data},
  author={Gupta, Ashish and Ayhan, Murat and Maida, Anthony},
  booktitle={International Conference on Machine Learning},
  pages={987--994},
  year={2013}
}

@article{payan2015predicting,
  title={Predicting Alzheimer's disease: a neuroimaging study with 3D convolutional neural networks},
  author={Payan, Adrien and Montana, Giovanni},
  journal={arXiv preprint arXiv:1502.02506},
  year={2015}
}

@article{khyade2016alzheimer,
  title={Alzheimer‚Äôs Disease: Overview},
  author={Khyade, Vitthalrao B and Khyade, Sunanda V and Jagtap, Sharad G},
  journal={International Academic Institute for Science and Technology},
  volume={3},
  number={12},
  pages={23-38},
  year={2016}
}

@article{vos2016global,
  title={Global, regional, and national incidence, prevalence, and years lived with disability for 310 diseases and injuries, 1990-2015: a systematic analysis for the Global Burden of Disease Study 2015},
  author={Vos, Theo and Allen, Christine and Arora, Megha and Barber, Ryan M and Bhutta, Zulfiqar A and Brown, Alexandria and Carter, Austin and Casey, Daniel C and Charlson, Fiona J and Chen, Alan Z},
  journal={The Lancet},
  volume={388},
  number={10053},
  pages={1545},
  year={2016},
  publisher={Elsevier Limited}
}


@article{alzheimer20142014,
  title={2014 Alzheimer's disease facts and figures},
  author={Alzheimer's Association},
  journal={Alzheimer's \& Dementia},
  volume={10},
  number={2},
  pages={e47--e92},
  year={2014},
  publisher={Elsevier}
}

@article{kloppel2008accuracy,
  title={Accuracy of dementia diagnosis‚Äîa direct comparison between radiologists and a computerized method},
  author={Kl{\"o}ppel, Stefan and Stonnington, Cynthia M and Barnes, Josephine and Chen, Frederick and Chu, Carlton and Good, Catriona D and Mader, Irina and Mitchell, L Anne and Patel, Ameet C and Roberts, Catherine C},
  journal={Brain},
  volume={131},
  number={11},
  pages={2969--2974},
  year={2008},
  publisher={Oxford University Press}
}

@book{goodfellow2017deep,
  title={Deep learning},
  author={Goodfellow, Ian and Bengio, Yoshua and Courville, Aaron},
  year={2017},
  publisher={MIT press}
}

@article{lagaris1998artificial,
  title={Artificial neural networks for solving ordinary and partial differential equations},
  author={Lagaris, Isaac E and Likas, Aristidis and Fotiadis, Dimitrios I},
  journal={IEEE Transactions on Neural Networks},
  volume={9},
  number={5},
  pages={987--1000},
  year={1998},
  publisher={IEEE}
}

@article{baymani2010artificial,
  title={Artificial neural networks approach for solving stokes problem},
  author={Baymani, Modjtaba and Kerayechian, Asghar and Effati, Sohrab},
  journal={Applied Mathematics},
  volume={1},
  number={04},
  pages={288},
  year={2010},
  publisher={Scientific Research Publishing}
}

@article{han2017deep,
  title={Deep learning-based numerical methods for high-dimensional parabolic partial differential equations and backward stochastic differential equations},
  author={Han, Jiequn and Jentzen, Arnulf},
  journal={arXiv preprint arXiv:1706.04702},
  year={2017}
}


@incollection{NIPS2008_3506,
title = {Natural Image Denoising with Convolutional Networks},
author = {Jain, Viren and Sebastian Seung},
booktitle = {Advances in Neural Information Processing Systems 21},
editor = {D. Koller and D. Schuurmans and Y. Bengio and L. Bottou},
pages = {769--776},
year = {2009},
publisher = {Curran Associates, Inc.},
url = {http://papers.nips.cc/paper/3506-natural-image-denoising-with-convolutional-networks.pdf}
}

@inproceedings{bengio2013generalized,
  title={Generalized denoising auto-encoders as generative models},
  author={Bengio, Yoshua and Yao, Li and Alain, Guillaume and Vincent, Pascal},
  booktitle={Advances in Neural Information Processing Systems},
  pages={899--907},
  year={2013}
}

@article{alain2014regularized,
  title={What regularized auto-encoders learn from the data-generating distribution},
  author={Alain, Guillaume and Bengio, Yoshua},
  journal={The Journal of Machine Learning Research},
  volume={15},
  number={1},
  pages={3563--3593},
  year={2014},
  publisher={JMLR. org}
}

@inproceedings{xie2012image,
  title={Image denoising and inpainting with deep neural networks},
  author={Xie, Junyuan and Xu, Linli and Chen, Enhong},
  booktitle={Advances in Neural Information Processing Systems},
  pages={341--349},
  year={2012}
}

@article{zhang2017beyond,
  title={Beyond a {G}aussian denoiser: Residual learning of deep {CNN} for image denoising},
  author={Zhang, Kai and Zuo, Wangmeng and Chen, Yunjin and Meng, Deyu and Zhang, Lei},
  journal={IEEE Transactions on Image Processing},
  year={2017},
  publisher={IEEE}
}

@inproceedings{he2016deep,
	title={Deep residual learning for image recognition},
	author={He, Kaiming and Zhang, Xiangyu and Ren, Shaoqing and Sun, Jian},
	booktitle={Proceedings of the IEEE Conference on Computer Vision and Pattern Recognition},
	pages={770--778},
	year={2016}
}

@inproceedings{he2016identity,
	title={Identity mappings in deep residual networks},
	author={He, Kaiming and Zhang, Xiangyu and Ren, Shaoqing and Sun, Jian},
	booktitle={European Conference on Computer Vision},
	pages={630--645},
	year={2016},
	organization={Springer}
}

@article{lecun1998gradient,
	title={Gradient-based learning applied to document recognition},
	author={LeCun, Yann and Bottou, L{\'e}on and Bengio, Yoshua and Haffner, Patrick},
	journal={Proceedings of the IEEE},
	volume={86},
	number={11},
	pages={2278--2324},
	year={1998},
	publisher={IEEE}
}

@inproceedings{krizhevsky2012imagenet,
	title={Imagenet classification with deep convolutional neural networks},
	author={Krizhevsky, Alex and Sutskever, Ilya and Hinton, Geoffrey E},
	booktitle={Advances in neural information processing systems},
	pages={1097--1105},
	year={2012}
}

@article{simonyan2014very,
	title={Very deep convolutional networks for large-scale image recognition},
	author={Simonyan, Karen and Zisserman, Andrew},
	journal={arXiv preprint arXiv:1409.1556},
	year={2014}
}

@article{haber2017learning,
	title={Learning across scales-A multiscale method for Convolution Neural Networks},
	author={Haber, Eldad and Ruthotto, Lars and Holtham, Elliot},
	journal={arXiv preprint arXiv:1703.02009},
	year={2017}
}

@article{ke2016multigrid,
	title={Multigrid Neural Architectures},
	author={Ke, Tsung-Wei and Maire, Michael and Stella, X Yu},
	journal={arXiv preprint arXiv:1611.07661},
	year={2016}
}

@inproceedings{ronneberger2015u,
	title={U-net: Convolutional networks for biomedical image segmentation},
	author={Ronneberger, Olaf and Fischer, Philipp and Brox, Thomas},
	booktitle={International Conference on Medical Image Computing and Computer-Assisted Intervention},
	pages={234--241},
	year={2015},
	organization={Springer}
}

@INPROCEEDINGS{milletari2016v,
author={F. Milletari and N. Navab and S. A. Ahmadi}, 
booktitle={2016 Fourth International Conference on 3D Vision (3DV)}, 
title={V-Net: Fully Convolutional Neural Networks for Volumetric Medical Image Segmentation}, 
year={2016}, 
volume={}, 
number={}, 
pages={565-571}, 
keywords={biomedical MRI;image segmentation;medical image processing;neural nets;3D image segmentation;CNN;Dice coefficient;MRI volumes;V-Net;background voxel;clinical practice;computer vision;foreground voxel;fully convolutional neural networks;histogram matching;magnetic resonance imaging;medical image analysis;random nonlinear transformations;volumetric medical image segmentation;Biomedical imaging;Feature extraction;Image segmentation;Magnetic resonance imaging;Neural networks;Three-dimensional displays;Two dimensional displays;Deep learning;convolutional neural networks;machine learning;prostate;segmentation}, 
doi={10.1109/3DV.2016.79}, 
ISSN={}, 
month={Oct},}

@inproceedings{xmilletari2016v,
	title={{V}-net: Fully convolutional neural networks for volumetric medical image segmentation},
	author={Milletari, Fausto and Navab, Nassir and Ahmadi, Seyed-Ahmad},
	booktitle={3D Vision (3DV), 2016 Fourth International Conference on},
	pages={565--571},
	year={2016},
	organization={IEEE}
}

@article{katrutsa2017deep,
	title={Deep Multigrid: {L}earning prolongation and restriction matrices},
	author={Katrutsa, Alexandr and Daulbaev, Talgat and Oseledets, Ivan},
	journal={arXiv preprint arXiv:1711.03825},
	year={2017}
}

@article{huang2016densely,
	title={Densely connected convolutional networks},
	author={Huang, Gao and Liu, Zhuang and Weinberger, Kilian Q and van der Maaten, Laurens},
	journal={arXiv preprint arXiv:1608.06993},
	year={2016}
}

@article{pan2010survey,
  title={A survey on transfer learning},
  author={Pan, Sinno Jialin and Yang, Qiang},
  journal={IEEE Transactions on Knowledge and Data Engineering},
  volume={22},
  number={10},
  pages={1345--1359},
  year={2010},
  publisher={IEEE}
}

@article{silver2017mastering,
  title={Mastering the game of go without human knowledge},
  author={Silver, David and Schrittwieser, Julian and Simonyan, Karen and Antonoglou, Ioannis and Huang, Aja and Guez, Arthur and Hubert, Thomas and Baker, Lucas and Lai, Matthew and Bolton, Adrian},
  journal={Nature},
  volume={550},
  number={7676},
  pages={354--359},
  year={2017},
  publisher={Nature Research}
}

@article{mnih2015human,
  title={Human-level control through deep reinforcement learning},
  author={Mnih, Volodymyr and Kavukcuoglu, Koray and Silver, David and Rusu, Andrei A and Veness, Joel and Bellemare, Marc G and Graves, Alex and Riedmiller, Martin and Fidjeland, Andreas K and Ostrovski, Georg},
  journal={Nature},
  volume={518},
  number={7540},
  pages={529--533},
  year={2015},
  publisher={Nature Research}
}

@inproceedings{ronneberger2015u,
  title={U-net: Convolutional networks for biomedical image segmentation},
  author={Ronneberger, Olaf and Fischer, Philipp and Brox, Thomas},
  booktitle={International Conference on Medical Image Computing and Computer-Assisted Intervention},
  pages={234--241},
  year={2015},
  organization={Springer}
}

@article{arora2016understanding,
	title={Understanding Deep Neural Networks with Rectified Linear Units},
	author={Arora, Raman and Basu, Amitabh and Mianjy, Poorya and Mukherjee, Anirbit},
	journal={arXiv preprint arXiv:1611.01491},
	year={2016}
}

@article{lagaris1998artificial,
	title={Artificial neural networks for solving ordinary and partial differential equations},
	author={Lagaris, Isaac E and Likas, Aristidis and Fotiadis, Dimitrios I},
	journal={IEEE Transactions on Neural Networks},
	volume={9},
	number={5},
	pages={987--1000},
	year={1998},
	publisher={IEEE}
}

@article{malek2006numerical,
	title={Numerical solution for high order differential equations using a hybrid neural network‚Äîoptimization method},
	author={Malek, A and Beidokhti, R Shekari},
	journal={Applied Mathematics and Computation},
	volume={183},
	number={1},
	pages={260--271},
	year={2006},
	publisher={Elsevier}
}

@article{lagaris2000neural,
	title={Neural-network methods for boundary value problems with irregular boundaries},
	author={Lagaris, Isaac E and Likas, Aristidis C and Papageorgiou, Dimitris G},
	journal={IEEE Transactions on Neural Networks},
	volume={11},
	number={5},
	pages={1041--1049},
	year={2000},
	publisher={IEEE}
}

@article{yu2017deep,
	title={The Deep Ritz method: A deep learning-based numerical algorithm for solving variational problems},
	author={Yu, Bing and others},
	journal={arXiv preprint arXiv:1710.00211},
	year={2017}
}

@article{he2018multigrid,
	title={Residual neural networks and multigrid methods},
	author={He, Juncai and Xu, Jinchao},
	journal={Preparing},
	year={2018}
}

@article{pinkus1999approximation,
	title={Approximation theory of the MLP model in neural networks},
	author={Pinkus, Allan},
	journal={Acta Numerica},
	volume={8},
	pages={143--195},
	year={1999},
	publisher={Cambridge University Press}
}

@inproceedings{montufar2014number,
	title={On the number of linear regions of deep neural networks},
	author={Montufar, Guido F and Pascanu, Razvan and Cho, Kyunghyun and Bengio, Yoshua},
	booktitle={Advances in neural information processing systems},
	pages={2924--2932},
	year={2014}
}

@misc{xu2017deep,
	title={Deep Neural Networks and Multigrid Methods ({L}ecture {N}otes at
	{P}enn {S}tate)},
	author={Xu, Jinchao},
	year={2017},
	month={November}
}


%%SGD&Optimization
@article{ruder2016overview,
	title={An overview of gradient descent optimization algorithms},
	author={Ruder, Sebastian},
	journal={arXiv preprint arXiv:1609.04747},
	year={2016}
}

@article{bottou1998online,
	title={Online learning and stochastic approximations},
	author={Bottou, L{\'e}on},
	journal={On-line learning in neural networks},
	volume={17},
	number={9},
	pages={142},
	year={1998},
	publisher={Cambridge Univ Pr}
}

@article{zeiler2012adadelta,
	title={ADADELTA: an adaptive learning rate method},
	author={Zeiler, Matthew D},
	journal={arXiv preprint arXiv:1212.5701},
	year={2012}
}

@inproceedings{ioffe2015batch,
	title={Batch normalization: Accelerating deep network training by reducing internal covariate shift},
	author={Ioffe, Sergey and Szegedy, Christian},
	booktitle={International Conference on Machine Learning},
	pages={448--456},
	year={2015}
}

@article{hinton2006reducing,
	title={Reducing the dimensionality of data with neural networks},
	author={Hinton, Geoffrey E and Salakhutdinov, Ruslan R},
	journal={science},
	volume={313},
	number={5786},
	pages={504--507},
	year={2006},
	publisher={American Association for the Advancement of Science}
}

@inproceedings{bengio2007greedy,
	title={Greedy layer-wise training of deep networks},
	author={Bengio, Yoshua and Lamblin, Pascal and Popovici, Dan and Larochelle, Hugo},
	booktitle={Advances in neural information processing systems},
	pages={153--160},
	year={2007}
}

@inproceedings{maclaurin2015autograd,
	title={Autograd: Effortless gradients in numpy},
	author={Maclaurin, Dougal and Duvenaud, David nih, Volodymyr and Kavukcuoglu, Koray and Silver, David and Rusu, Andrei A and Veness, Joel and Bellemare, Marc G and Graves, Alex and Riedmiller, Martin and Fidjeland, Adams, Ryan P},
	booktitle={ICML 2015 AutoML Workshop},
	year={2015}
}

@article{duchi2011adaptive,
	title={Adaptive subgradient methods for online learning and stochastic optimization},
	author={Duchi, John and Hazan, Elad and Singer, Yoram},
	journal={Journal of Machine Learning Research},
	volume={12},
	number={Jul},
	pages={2121--2159},
	year={2011}
}

@article{kingma2014adam,
	title={Adam: A method for stochastic optimization},
	author={Kingma, Diederik and Ba, Jimmy},
	journal={arXiv preprint arXiv:1412.6980},
	year={2014}
}

@article{chaudhari2016entropy,
	title={Entropy-{SGD}: Biasing gradient descent into wide valleys},
	author={Chaudhari, Pratik and Choromanska, Anna and Soatto, Stefano and LeCun, Yann},
	journal={arXiv preprint arXiv:1611.01838},
	year={2016}
}

@book{bertsekas2015convex,
	title={Convex optimization algorithms},
	author={Bertsekas, Dimitri P and Scientific, Athena},
	year={2015},
	publisher={Athena Scientific Belmont}
}

@article{bertsekas2011incremental,
	title={Incremental gradient, subgradient, and proximal methods for convex optimization: A survey},
	author={Bertsekas, Dimitri P},
	journal={Optimization for Machine Learning},
	volume={2010},
	number={1-38},
	pages={3},
	year={2011},
	publisher={MIT Press}
}

@article{xu2017derandomized,
	title={A Derandomized Algorithm for RP-ADMM with Symmetric Gauss-Seidel Method},
	author={Xu, Jinchao and Xu, Kailai and Ye, Yinyu},
	journal={arXiv preprint arXiv:1705.08389},
	year={2017}
}

@article{chen2016direct,
	title={The direct extension of ADMM for multi-block convex minimization problems is not necessarily convergent},
	author={Chen, Caihua and He, Bingsheng and Ye, Yinyu and Yuan, Xiaoming},
	journal={Mathematical Programming},
	volume={155},
	number={1-2},
	pages={57--79},
	year={2016},
	publisher={Springer}
}

@article{he2018iterative,
	title={Iterative methods for optimization problems based on function and space
	decompositions},
	author={He, Juncai and Xu, Jinchao},
	journal={Preparing},
	year={2018}
}

@book{briggs2000a,
	title={A multigrid tutorial: second edition},
	author={Briggs, William L. and Henson, Van Emden and Mccormick, Steve F.},
	publisher={Society for Industrial and Applied Mathematics},
	year={2000},
}

@article{e2017a,
	title={A Proposal on Machine Learning via Dynamical Systems},
	author={E, Weinan},
	journal={Communications in Mathematics and Statistics},
	volume={5},
	number={1},
	pages={1-11},
	year={2017}
}

@book{goodfellow2017deep,
	title={Deep learning},
	author={Goodfellow, Ian and Bengio, Yoshua and Courville, Aaron},
	year={2017},
	publisher={MIT press}
}

@article{haber2017learning,
	title={Learning across scales-A multiscale method for Convolution Neural Networks},
	author={Haber, Eldad and Ruthotto, Lars and Holtham, Elliot},
	journal={arXiv preprint arXiv:1703.02009},
	year={2017}
}

@inproceedings{he2016deep,
	title={Deep residual learning for image recognition},
	author={He, Kaiming and Zhang, Xiangyu and Ren, Shaoqing and Sun, Jian},
	booktitle={Proceedings of the IEEE Conference on Computer Vision and Pattern Recognition},
	pages={770--778},
	year={2016}
}

@inproceedings{he2016identity,
	title={Identity mappings in deep residual networks},
	author={He, Kaiming and Zhang, Xiangyu and Ren, Shaoqing and Sun, Jian},
	booktitle={European Conference on Computer Vision},
	pages={630--645},
	year={2016},
	organization={Springer}
}

@article{ke2016multigrid,
	title={Multigrid Neural Architectures},
	author={Ke, Tsung-Wei and Maire, Michael and Stella, X Yu},
	journal={arXiv preprint arXiv:1611.07661},
	year={2016}
}

@article{li2017a,
	title={A Flow Model of Neural Networks},
	author={Li, Zhen and Shi, Zuoqiang},
	journal={arXiv preprint arXiv:1708.06257v2},
	year={2017}
}

@inproceedings{lu2018beyond,
	title = 	 {Beyond Finite Layer Neural Networks: Bridging Deep Architectures and Numerical Differential Equations},
	author = 	 {Lu, Yiping and Zhong, Aoxiao and Li, Quanzheng and Dong, Bin},
	booktitle = 	 {Proceedings of the 35th International Conference on Machine Learning},
	year = 	 {2018},
	volume = 	 {80},
	publisher = 	 {PMLR},
}

@inproceedings{zhang2017polynet,
	title={Polynet: A pursuit of structural diversity in very deep networks},
	author={Zhang, Xingcheng and Li, Zhizhong and Loy, Chen Change and Lin, Dahua},
	booktitle={Computer Vision and Pattern Recognition (CVPR), 2017 IEEE Conference on},
	pages={3900--3908},
	year={2017},
	organization={IEEE}
}

@article{larsson2016fractalnet,
	title={Fractalnet: Ultra-deep neural networks without residuals},
	author={Larsson, Gustav and Maire, Michael and Shakhnarovich, Gregory},
	journal={arXiv preprint arXiv:1605.07648},
	year={2016}
}

@inproceedings{gomez2017reversible,
	title={The reversible residual network: Backpropagation without storing activations},
	author={Gomez, Aidan N and Ren, Mengye and Urtasun, Raquel and Grosse, Roger B},
	booktitle={Advances in Neural Information Processing Systems},
	pages={2214--2224},
	year={2017}
}

@inproceedings{long2018pde1,
	title = 	 {{PDE}-Net: Learning {PDE}s from Data},
	author = 	 {Long, Zichao and Lu, Yiping and Ma, Xianzhong and Dong, Bin},
	booktitle = 	 {Proceedings of the 35th International Conference on Machine Learning},
	year = 	 {2018},
	volume = 	 {80},
	publisher = 	 {PMLR},
}

@article{long2018pde2,
	title={PDE-Net 2.0: Learning PDEs from Data with A Numeric-Symbolic Hybrid Deep Network},
	author={Long, Zichao and Lu, Yiping and Dong, Bin},
	journal={arXiv preprint arXiv:1812.04426},
	year={2018}
}

@INPROCEEDINGS{milletari2016v,
	author={F. Milletari and N. Navab and S. A. Ahmadi}, 
	booktitle={2016 Fourth International Conference on 3D Vision (3DV)}, 
	title={V-Net: Fully Convolutional Neural Networks for Volumetric Medical Image Segmentation}, 
	year={2016}, 
	volume={}, 
	number={}, 
	pages={565-571}, 
	doi={10.1109/3DV.2016.79}, 
	month={Oct},
}

@article{nash2000a,
	title={A multigrid approach to discretized optimization problems},
	author={Nash, Stephen G.},
	journal={Optimization Methods and Software},
	volume={14},
	number={1-2},
	pages={99--116},
	year={2000}
}

@inproceedings{ronneberger2015u,
	title={U-net: Convolutional networks for biomedical image segmentation},
	author={Ronneberger, Olaf and Fischer, Philipp and Brox, Thomas},
	booktitle={International Conference on Medical Image Computing and Computer-Assisted Intervention},
	pages={234--241},
	year={2015},
	organization={Springer}
}

@article{tai2002global,
	title={Global and uniform convergence of subspace correction methods
	for some convex optimization problems},
	author={Tai, Xue-Cheng and Xu, Jinchao},
	journal={Mathematics of Computation},
	volume={71},
	number={237},
	pages={105--124},
	year={2002}
}

@book{trottenberg2000multigrid,
	title={Multigrid},
	author={Trottenberg, Ulrich and Oosterlee, Cornelius W and Schuller, Anton},
	year={2000},
	publisher={Academic press}
}

@article{xu2017algebraic,
	title={Algebraic multigrid methods},
	author={Xu, Jinchao and Zikatanov, Ludmil},
	journal={Acta Numerica},
	volume={26},
	pages={591--721},
	year={2017},
	publisher={Cambridge University Press}
}

@inproceedings{mao2016image,
	author = {Mao, Xiao-Jiao and Shen, Chunhua and Yang, Yu-Bin},
	booktitle = {Advances in neural information processing systems},
	pages = {2802--2810},
	title = {{Image Restoration Using Very Deep Convolutional Encoder-Decoder Networks with Symmetric Skip Connections}},
	year = {2016}
}

@article{liu2017when,
	title = {When Image Denoising Meets High-Level Vision Tasks: A Deep Learning Approach},
	author = {Liu, Ding and Wen, Bihan and Liu, Xianming and Huang, Thomas S.},
	journal={arXiv preprint arXiv:1706.04284},
	year={2017}
}

@inproceedings{huang2017densely,
	title={Densely connected convolutional networks.},
	author={Huang, Gao and Liu, Zhuang and Van Der Maaten, Laurens and Weinberger, Kilian Q},
	booktitle={CVPR},
	volume={1},
	number={2},
	pages={3},
	year={2017}
}

@article{chang2017multi,
	title={Multi-level residual networks from dynamical systems view},
	author={Chang, Bo and Meng, Lili and Haber, Eldad and Tung, Frederick and Begert, David},
	journal={arXiv preprint arXiv:1710.10348},
	year={2017}
}

@inproceedings{szegedy2015going,
	title={Going deeper with convolutions},
	author={Szegedy, Christian and Liu, Wei and Jia, Yangqing and Sermanet, Pierre and Reed, Scott and Anguelov, Dragomir and Erhan, Dumitru and Vanhoucke, Vincent and Rabinovich, Andrew},
	booktitle={Proceedings of the IEEE conference on computer vision and pattern recognition},
	pages={1--9},
	year={2015}
}

@inproceedings{xie2017aggregated,
	title={Aggregated residual transformations for deep neural networks},
	author={Xie, Saining and Girshick, Ross and Doll{\'a}r, Piotr and Tu, Zhuowen and He, Kaiming},
	booktitle={Computer Vision and Pattern Recognition (CVPR), 2017 IEEE Conference on},
	pages={5987--5995},
	year={2017},
	organization={IEEE}
}


@inproceedings{huang2016deep,
	title={Deep networks with stochastic depth},
	author={Huang, Gao and Sun, Yu and Liu, Zhuang and Sedra, Daniel and Weinberger, Kilian Q},
	booktitle={European Conference on Computer Vision},
	pages={646--661},
	year={2016},
	organization={Springer}
}

@article{xu1992iterative,
	title={Iterative methods by space decomposition and subspace
	correction},
	author={Xu, Jinchao},
	journal={SIAM {R}eview},
	volume={34},
	number={4},
	pages={581--613},
	year={1992},
	publisher={SIAM}
}

@article{xu2002method,
	title={The method of alternating projections and the method of
	subspace corrections in Hilbert space},
	author={Xu, Jinchao and Zikatanov, Ludmil},
	journal={Journal of the American Mathematical Society},
	volume={15},
	number={3},
	pages={573--597},
	year={2002}
}

@inproceedings{xie2017aggregated,
	title={Aggregated Residual Transformations for Deep Neural Networks},
	author={Xie, Saining and Girshick, Ross and Dollar, Piotr and Tu, Zhuowen and He, Kaiming},
	booktitle={IEEE Conference on Computer Vision and Pattern Recognition},
	pages={5987-5995},
	year={2017},
}

@inproceedings{zagoruyko2016wide,
	title={Wide Residual Networks},
	author={Zagoruyko, Sergey and Komodakis, Nikos},
	booktitle={British Machine Vision Conference},
	pages={87.1-87.12},
	year={2016},
}

@article{simonyan2014very,
	title={Very Deep Convolutional Networks for Large-Scale Image Recognition},
	author={Simonyan, Karen and Zisserman, Andrew},
	journal={Computer Science},
	year={2014},
}

@inproceedings{krizhevsky2012imagenet,
	title={ImageNet classification with deep convolutional neural networks},
	author={Krizhevsky, Alex and Sutskever, Ilya and Hinton, Geoffrey E.},
	booktitle={International Conference on Neural Information Processing Systems},
	pages={1097-1105},
	year={2012},
}

@inproceedings{szegedy2016rethinking,
	title={Rethinking the Inception Architecture for Computer Vision},
	author={Szegedy, Christian and Vanhoucke, Vincent and Ioffe, Sergey and Shlens, Jon and Wojna, Zbigniew},
	booktitle={Computer Vision and Pattern Recognition},
	pages={2818-2826},
	year={2016},
}

@inproceedings{chen2017dual,
	title={Dual Path Networks},
	author={Yunpeng Chen and Jianan Li and Huaxin Xiao and Xiaojie Jin and Shuicheng Yan and Jiashi Feng},
	booktitle={NIPS},
	year={2017}
}

@article{lin2013network,
	title={Network in network},
	author={Lin, Min and Chen, Qiang and Yan, Shuicheng},
	journal={arXiv preprint arXiv:1312.4400},
	year={2013}
}

@article{lecun1998gradient,
	title={Gradient-based learning applied to document recognition},
	author={LeCun, Yann and Bottou, L{\'e}on and Bengio, Yoshua and Haffner, Patrick},
	journal={Proceedings of the IEEE},
	volume={86},
	number={11},
	pages={2278--2324},
	year={1998},
	publisher={IEEE}
}


@article{he2020relu,
	author = {He  , Juncai  and Li  , Lin  and Xu , Jinchao  and Zheng  , Chunyue },
	title = {Relu Deep Neural Networks and Linear Finite Elements},
	journal = {Journal of Computational Mathematics},
	year = {2020},
	volume = {38},
	number = {3},
	pages = {502--527},
	abstract = {<p>In this paper, we investigate the relationship between deep neural networks (DNN) with rectified linear unit (ReLU) function as the activation function and continuous piecewise linear (CPWL) functions, especially CPWL functions from the simplicial linear finite element method (FEM). We first consider the special case of FEM.&nbsp; By exploring the DNN representation of its nodal basis functions, we present a ReLU DNN representation of CPWL in FEM. We theoretically establish that at least $2$ hidden layers are needed in a ReLU DNN to represent any linear finite element functions in $\Omega \subseteq \mathbb{R}^d$ when $d\ge2$.&nbsp; Consequently, for $d=2,3$ which are often encountered in scientific and engineering computing, the minimal number of two hidden layers are necessary and sufficient for any CPWL function to be represented by a ReLU DNN. Then we include a detailed account on how a general CPWL in $\mathbb R^d$ can be represented by a ReLU DNN with at most $\lceil\log_2(d+1)\rceil$ hidden layers and we also give an estimation of the number of neurons in DNN that are needed in such a representation.&nbsp; Furthermore, using the relationship between DNN and FEM, we theoretically argue that a special class of DNN models with low bit-width are still expected to have an adequate representation power in applications.&nbsp; Finally, as a proof of concept, we present some numerical results for using ReLU DNNs to solve a two point boundary problem to demonstrate the potential of applying DNN for numerical solution of partial differential equations.</p><p><br/></p>},
	issn = {1991-7139},
	doi = {https://doi.org/10.4208/jcm.1901-m2018-0160},
	url = {http://global-sci.org/intro/article_detail/jcm/15798.html}
}

@inproceedings{nair2010rectified,
	title={Rectified linear units improve restricted boltzmann machines},
	author={Nair, Vinod and Hinton, Geoffrey E},
	booktitle={Proceedings of the 27th international conference on machine learning (ICML-10)},
	pages={807--814},
	year={2010}
}

@article{katrutsa2017deep,
	title={Deep Multigrid: learning prolongation and restriction matrices},
	author={Katrutsa, Alexandr and Daulbaev, Talgat and Oseledets, Ivan},
	journal={arXiv preprint arXiv:1711.03825},
	year={2017}
}

@article{hsieh2018learning,
	title={Learning Neural PDE Solvers with Convergence Guarantees},
	author={Hsieh, Jun-Ting and Zhao, Shengjia and Eismann, Stephan and Mirabella, Lucia and Ermon, Stefano},
	journal={ICLR 2019},
	year={2018}
}

@techreport{krizhevsky2009learning,
	title={Learning multiple layers of features from tiny images},
	author={Krizhevsky, Alex and Hinton, Geoffrey},
	year={2009},
	institution={Citeseer}
}

@inproceedings{bottou2008tradeoffs,
	title={The tradeoffs of large scale learning},
	author={Bottou, L{\'e}on and Bousquet, Olivier},
	booktitle={Advances in neural information processing systems},
	pages={161--168},
	year={2008}
}

@article{lecun2015deep,
	title={Deep learning},
	author={LeCun, Yann and Bengio, Yoshua and Hinton, Geoffrey},
	journal={nature},
	volume={521},
	number={7553},
	pages={436},
	year={2015},
	publisher={Nature Publishing Group}
}

@article{zhou2018universality,
	title={Universality of Deep Convolutional Neural Networks},
	author={Zhou, Ding-Xuan},
	journal={arXiv preprint arXiv:1805.10769},
	year={2018}
}

@article{hornik1989multilayer,
	title={Multilayer feedforward networks are universal approximators},
	author={Hornik, Kurt and Stinchcombe, Maxwell and White, Halbert},
	journal={Neural networks},
	volume={2},
	number={5},
	pages={359--366},
	year={1989},
	publisher={Elsevier}
}

@article{cybenko1989approximation,
	title={Approximation by superpositions of a sigmoidal function},
	author={Cybenko, George},
	journal={Mathematics of control, signals and systems},
	volume={2},
	number={4},
	pages={303--314},
	year={1989},
	publisher={Springer}
}

@article{barron1993universal,
	title={Universal approximation bounds for superpositions of a sigmoidal function},
	author={Barron, Andrew R},
	journal={IEEE Transactions on Information theory},
	volume={39},
	number={3},
	pages={930--945},
	year={1993},
	publisher={IEEE}
}

@article{ellacott1994aspects,
	title={Aspects of the numerical analysis of neural networks},
	author={Ellacott, SW},
	journal={Acta Numerica},
	volume={3},
	pages={145--202},
	year={1994},
	publisher={Cambridge University Press}
}

@article{pinkus1999approximation,
	title={Approximation theory of the MLP model in neural networks},
	author={Pinkus, Allan},
	journal={Acta numerica},
	volume={8},
	pages={143--195},
	year={1999},
	publisher={Cambridge University Press}
}

@article{shaham2018provable,
	title={Provable approximation properties for deep neural networks},
	author={Shaham, Uri and Cloninger, Alexander and Coifman, Ronald R},
	journal={Applied and Computational Harmonic Analysis},
	volume={44},
	number={3},
	pages={537--557},
	year={2018},
	publisher={Elsevier}
}

@article{montanelli2017deep,
	title={Deep ReLU networks lessen the curse of dimensionality},
	author={Montanelli, Hadrien and Du, Qiang},
	journal={arXiv preprint arXiv:1712.08688},
	year={2017}
}

@article{e2018exponential,
	title={Exponential convergence of the deep neural network approximation for analytic functions},
	author={E, Weinan and Wang, Qingcan},
	journal={arXiv preprint arXiv:1807.00297},
	year={2018}
}

@book{aubert2006mathematical,
	title={Mathematical problems in image processing: partial differential equations and the calculus of variations},
	author={Aubert, Gilles and Kornprobst, Pierre},
	volume={147},
	year={2006},
	publisher={Springer Science \& Business Media}
}

@book{chan2005image,
	title={Image processing and analysis: variational, PDE, wavelet, and stochastic methods},
	author={Chan, Tony F and Shen, Jianhong Jackie},
	volume={94},
	year={2005},
	publisher={Siam}
}

@article{bottou2018optimization,
	title={Optimization methods for large-scale machine learning},
	author={Bottou, L{\'e}on and Curtis, Frank E and Nocedal, Jorge},
	journal={SIAM Review},
	volume={60},
	number={2},
	pages={223--311},
	year={2018},
	publisher={SIAM}
}

@book{xu2019FEM,
	title={The Finite Element Methods},
	author={Jinchao Xu},
	note={\url{http://www.multigrid.org/wiki}},
	year={2019}
}

@article{zagoruyko2016wide,
	title={Wide residual networks},
	author={Zagoruyko, Sergey and Komodakis, Nikos},
	journal={arXiv preprint arXiv:1605.07146},
	year={2016}
}

@inproceedings{he2015delving,
	title={Delving deep into rectifiers: Surpassing human-level performance on imagenet classification},
	author={He, Kaiming and Zhang, Xiangyu and Ren, Shaoqing and Sun, Jian},
	booktitle={Proceedings of the IEEE international conference on computer vision},
	pages={1026--1034},
	year={2015}
}

@article{ioffe2015batch,
	title={Batch normalization: Accelerating deep network training by reducing internal covariate shift},
	author={Ioffe, Sergey and Szegedy, Christian},
	journal={arXiv preprint arXiv:1502.03167},
	year={2015}
}

@article{xu2019convergence,
	title={Convergence rates for single layer DNNs in Sobolev norms},
	author={Xu, Jinchao and Zheng, Chunyue},
	journal={In preparation},
	year={2019}
}


@book{bertsekas2015convex,
	title={Convex optimization algorithms},
	author={Bertsekas, Dimitri P and Scientific, Athena},
	year={2015},
	publisher={Athena Scientific Belmont}
}

@article{bertsekas2011incremental,
	title={Incremental gradient, subgradient, and proximal methods for convex optimization: A survey},
	author={Bertsekas, Dimitri P},
	journal={Optimization for Machine Learning},
	volume={2010},
	number={1-38},
	pages={3},
	year={2011},
	publisher={MIT Press}
}

@article{jacobs1988increased,
	title={Increased rates of convergence through learning rate adaptation},
	author={Jacobs, Robert A},
	journal={Neural networks},
	volume={1},
	number={4},
	pages={295--307},
	year={1988},
	publisher={Elsevier}
}

@article{duchi2011adaptive,
	title={Adaptive subgradient methods for online learning and stochastic optimization},
	author={Duchi, John and Hazan, Elad and Singer, Yoram},
	journal={Journal of Machine Learning Research},
	volume={12},
	number={Jul},
	pages={2121--2159},
	year={2011}
}

@article{kingma2014adam,
	title={Adam: A method for stochastic optimization},
	author={Kingma, Diederik P and Ba, Jimmy},
	journal={arXiv preprint arXiv:1412.6980},
	year={2014}
}

@article{reddi2018convergence,
	title={On the convergence of adam and beyond},
	author={Reddi, Sashank J and Kale, Satyen and Kumar, Sanjiv},
	year={2018}
}

@article{wierstra2014natural,
	title={Natural evolution strategies},
	author={Wierstra, Daan and Schaul, Tom and Glasmachers, Tobias and Sun, Yi and Peters, Jan and Schmidhuber, J{\"u}rgen},
	journal={The Journal of Machine Learning Research},
	volume={15},
	number={1},
	pages={949--980},
	year={2014},
	publisher={JMLR. org}
}

@article{chen2018convergence,
	title={On the convergence of a class of adam-type algorithms for non-convex optimization},
	author={Chen, Xiangyi and Liu, Sijia and Sun, Ruoyu and Hong, Mingyi},
	journal={arXiv preprint arXiv:1808.02941},
	year={2018}
}

@article{hu2018randomized,
	title={Randomized Method of Subspace Corrections},
	author={Hu, Xiaozhe and Xu, Jinchao and Zikatanov, Ludmil},
	journal={arXiv preprint arXiv:1810.04504},
	year={2018}
}



@article{donoho2006compressed,
	title={Compressed sensing},
	author={Donoho, David L},
	journal={IEEE Transactions on information theory},
	volume={52},
	number={4},
	pages={1289--1306},
	year={2006},
	publisher={IEEE}
}

@article{candes2006robust,
	title={Robust uncertainty principles: Exact signal reconstruction from highly incomplete frequency information},
	author={Cand{\`e}s, Emmanuel J and Romberg, Justin and Tao, Terence},
	journal={IEEE Transactions on information theory},
	volume={52},
	number={2},
	pages={489--509},
	year={2006},
	publisher={IEEE}
}

@book{eldar2012compressed,
	title={Compressed sensing: theory and applications},
	author={Eldar, Yonina C and Kutyniok, Gitta},
	year={2012},
	publisher={Cambridge University Press}
}

@article{nesterov2009primal,
	title={Primal-dual subgradient methods for convex problems},
	author={Nesterov, Yurii},
	journal={Mathematical programming},
	volume={120},
	number={1},
	pages={221--259},
	year={2009},
	publisher={Springer}
}



@article{duchi2009efficient,
	title={Efficient online and batch learning using forward backward splitting},
	author={Duchi, John and Singer, Yoram},
	journal={Journal of Machine Learning Research},
	volume={10},
	number={Dec},
	pages={2899--2934},
	year={2009}
}

@article{xiao2010dual,
	title={Dual averaging methods for regularized stochastic learning and online optimization},
	author={Xiao, Lin},
	journal={Journal of Machine Learning Research},
	volume={11},
	number={Oct},
	pages={2543--2596},
	year={2010}
}

@article{jia2019make,
	title={Make $\ell_1$ Regularization Effective in Training Sparse CNN},
	author={Jia, Xiaodong and Zhao, Liang and Zhang, Lian and He, Juncai and Xu, Jinchao},
	journal={submit to ICML2019},
	year={2019}
}

@inproceedings{han2015learning,
	title={Learning both weights and connections for efficient neural network},
	author={Han, Song and Pool, Jeff and Tran, John and Dally, William},
	booktitle={Advances in neural information processing systems},
	pages={1135--1143},
	year={2015}
}

@article{han2015deep,
	title={Deep compression: Compressing deep neural networks with pruning, trained quantization and huffman coding},
	author={Han, Song and Mao, Huizi and Dally, William J},
	journal={arXiv preprint arXiv:1510.00149},
	year={2015}
}

@inproceedings{pratt1988comparing,
	title={Comparing biases for minimal network construction with back-propagation},
	author={Pratt, Lorien Y.},
	booktitle={International Conference on Neural Information Processing Systems},
	pages={177-185},
	year={1988},
}

@article{cheng2017survey,
	title={A Survey of Model Compression and Acceleration for Deep Neural Networks},
	author={Cheng, Yu and Wang, Duo and Zhou, Pan and Zhang, Tao},
	journal={arXiv preprint arXiv:1710.09282},
	year={2017}
}

@article{Langford2009Sparse,
	title={Sparse Online Learning via Truncated Gradient.},
	author={Langford, John and Li, Lihong and Zhang, Tong},
	journal={Journal of Machine Learning Research},
	volume={10},
	number={2},
	pages={777-801},
	year={2009},
}

@book{Bertsekas2011Incremental,
	title={Incremental proximal methods for large scale convex optimization},
	author={Bertsekas, Dimitri P.},
	pages={163},
	year={2011},
}

@Misc{XiaoPC,
	author       = {Xiao, Lin},
	howpublished = {{Private Communication}},
	year         = {2018},
	address      = {Pennsylvania State University, University Park, PA 16802, USA},
	comment      = {We talked about if RDA can be used for CNN},
	institution  = {Pennsylvania State University},
}

@article{mine1981minimization,
	title={A minimization method for the sum of a convex function and a continuously differentiable function},
	author={Mine, Hisashi and Fukushima, Masao},
	journal={Journal of Optimization Theory and Applications},
	volume={33},
	number={1},
	pages={9--23},
	year={1981},
	publisher={Springer}
}

@inproceedings{xiao2009dual,
	title={Dual Averaging Method for Regularized Stochastic Learning and Online Optimization},
	author={Xiao, Lin},
	booktitle={Advances in Neural Information Processing Systems},
	pages={2116--2124},
	year={2009}
}

@article{wen2009line,
	title={A line search multigrid method for large-scale nonlinear optimization},
	author={Wen, Zaiwen and Goldfarb, Donald},
	journal={SIAM Journal on Optimization},
	volume={20},
	number={3},
	pages={1478--1503},
	year={2009},
	publisher={SIAM}
}

@article{nash2000multigrid,
	title={A multigrid approach to discretized optimization problems},
	author={Nash, Stephen G},
	journal={Optimization Methods and Software},
	volume={14},
	number={1-2},
	pages={99--116},
	year={2000},
	publisher={Taylor \& Francis}
}


@article{he2019mgnet,
	title={MgNet: A unified framework of multigrid and convolutional neural network},
	author={He, Juncai and Xu, Jinchao},
	journal={Science china mathematics},
	volume={62},
	number={7},
	pages={1331--1354},
	year={2019},
	publisher={Springer}
}


@book{golub2012matrix,
	title={Matrix computations},
	author={Golub, Gene H and Van Loan, Charles F},
	volume={3},
	year={2012},
	publisher={JHU press}
}

@book{hackbusch1994iterative,
	title={Iterative solution of large sparse systems of equations},
	author={Hackbusch, Wolfgang},
	volume={95},
	year={1994},
	publisher={Springer}
}

@inproceedings{lin2017feature,
	title={Feature pyramid networks for object detection},
	author={Lin, Tsung-Yi and Doll{\'a}r, Piotr and Girshick, Ross and He, Kaiming and Hariharan, Bharath and Belongie, Serge},
	booktitle={Proceedings of the IEEE Conference on Computer Vision and Pattern Recognition},
	pages={2117--2125},
	year={2017}
}

@inproceedings{deng2009imagenet,
	title={Imagenet: A large-scale hierarchical image database},
	author={Deng, Jia and Dong, Wei and Socher, Richard and Li, Li-Jia and Li, Kai and Fei-Fei, Li},
	booktitle={2009 IEEE conference on computer vision and pattern recognition},
	pages={248--255},
	year={2009},
	organization={Ieee}
}

@inproceedings{glorot2010understanding,
	title={Understanding the difficulty of training deep feedforward neural networks},
	author={Glorot, Xavier and Bengio, Yoshua},
	booktitle={Proceedings of the thirteenth international conference on artificial intelligence and statistics},
	pages={249--256},
	year={2010}
}


@article{he2019constrained,
	title={Constrained Linear Data-feature Mapping for Image Classification},
	author={He, Juncai and Chen, Yuyan  and Zhang, Lian and Xu, Jinchao},
	journal={arXiv preprint arXiv:1911.10428},
	year={2019}
}


@article{he2020approximation,
	author = {He  , Juncai  and Li  , Lin  and Xu , Jinchao},
	title = {Approximation Properties of ReLU Deep Neural Networks from the Perspective of Hierarchical Basis},
	journal = {In Preparation},
	year = {2020}
}

@book{hackbusch2013multi,
	title={Multi-grid methods and applications},
	author={Hackbusch, Wolfgang},
	volume={4},
	year={2013},
	publisher={Springer Science \& Business Media}
}

@article{mitchell1997machine,
  title={Machine Learning, McGraw-Hill Higher Education},
  author={Mitchell, TM},
  journal={New York},
  year={1997}
}

@misc{russell2010artificial,
  title={Artificial Intelligence-A Modern Approach, Third International Edition.},
  author={Russell, Stuart J and Norvig, Peter},
  year={2010},
  publisher={Pearson Education London}
}

@book{friedman2001elements,
  title={The elements of statistical learning},
  author={Friedman, Jerome and Hastie, Trevor and Tibshirani, Robert},
  volume={1},
  number={10},
  year={2001},
  publisher={Springer series in statistics New York}
}

@article{wolpert1996lack,
  title={The lack of a priori distinctions between learning algorithms},
  author={Wolpert, David H},
  journal={Neural computation},
  volume={8},
  number={7},
  pages={1341--1390},
  year={1996},
  publisher={MIT Press}
}

@article{praveena2017literature,
  title={A literature review on supervised machine learning algorithms and boosting process},
  author={Praveena, M and Jaiganesh, V},
  journal={International Journal of Computer Applications},
  volume={169},
  number={8},
  pages={32--35},
  year={2017}
}

@book{goodfellow2016deep,
  title={Deep learning},
  author={Goodfellow, Ian and Bengio, Yoshua and Courville, Aaron and Bengio, Yoshua},
  volume={1},
  year={2016},
  publisher={MIT press Cambridge}
}

